2966 5022
70 469 180 570 pieas
207 479 245 547 et
270 465 430 540 elementa
453 461 584 538 Patriae
614 461 783 538 Historiae
821 479 855 536 et
893 375 1143 572 cuouotigiae

73 575 160 646 ictu
186 567 284 642 oeuli
309 567 454 640 recolere
480 579 515 639 et
538 566 718 638 reminisci.

138 671 190 744 ll.
220 667 359 753 Neam
383 665 601 740 Etruseorum
627 667 772 736 Clavum
799 680 923 740 terreas.
957 691 959 698 ’
1054 698 1057 704 ·

141 773 186 846 In
212 767 354 866 Speculo
379 764 509 838 funebri
529 767 684 854 Etrusco,
701 765 795 864 quod
813 791 896 838 unus
913 767 1036 860 adhue,
1052 795 1151 866 quem

78 877 196 980 seiam
221 869 327 941 edidit
351 891 389 940 ae
414 867 596 940 illustrarit
618 863 874 963 Vermigliolius
911 871 1076 964 peculiari
1102 869 1151 942 li-

76 974 189 1058 hello¹
212 995 286 1061 ann.
307 971 425 1040 4841.
454 967 661 1064 'conspicitur
683 967 830 1038 Persona
855 967 976 1040 redens
1003 972 1150 1044 tunicata
1196 1037 1199 1046 ,

74 1071 263 1167 armillata,
290 1093 375 1166 quae
401 1067 473 1140 sinu
492 1083 527 1138 et
544 1067 681 1166 genibus
694 1068 763 1138 suis
782 1068 976 1171 impositam
1003 1069 1157 1142 sustinet

72 1171 264 1260 Mulierem
290 1170 410 1241 nudam
430 1165 444 1256 ,¹
468 1193 554 1270 quae
580 1165 711 1238 omnino
739 1191 838 1262 aegra
864 1182 899 1239 et
924 1168 1038 1242 furens
1050 1169 1155 1245 ride-⁸
1192 1159 1197 1174 ⁸

24 1270 28 1278 ’
68 1288 167 1358 tur:
195 1269 339 1340 Sinistra
364 1285 445 1360 vero
463 1293 558 1340 manu
574 1265 676 1338 hahet
693 1291 845 1363 magnum
870 1268 1046 1366 quemdam
1073 1271 1149 1342 Cu·

67 1369 194 1462 neam,
220 1395 241 1440 a
266 1367 375 1442 fulcro
401 1367 506 1440 sellae
531 1367 632 1464 plane
656 1364 833 1438 diversum.
862 1369 950 1441 Hine
976 1369 1056 1442 inde
1084 1368 1147 1442 ed·

69 1465 333 1552 sunthemelli
357 1461 470 1559 nudi,
499 1481 531 1538 et
555 1491 644 1564 pone
669 1465 816 1536 Persona
853 1467 939 1542 alata
970 1484 1004 1542 et
1027 1470 1141 1570 pallio

65 1569 256 1668 obvoluta.
283 1566 540 1665 Vermigliolius
567 1567 600 1638 in
628 1567 773 1662 Persona
796 1568 940 1640 tunicata
970 1569 1142 1644 Theseum

66 1671 333 1758 Atheniensem,
356 1670 398 1740 in
416 1668 560 1738 Muliere
572 1665 666 1760 ¹nuda
684 1665 856 1762 Antiopen
876 1665 1093 1758 Amazonem,
1108 1670 1145 1745 in
1248 1680 1250 1689 ’

63 1774 227 1844 Persona
240 1767 502 1864 alata'llenerem·
514 1767 568 1856 rel
586 1768 738 1838 Dianam.
759 1770 908 1862 peg.28.
925 1771 987 1840 29.
1012 1772 1047 1842 in
1074 1771 1144 1844 Ge·

63 1869 192 1958 mellis
216 1867 415 1958 Pirithoum,
436 1881 469 1938 et
485 1869 588 1940 alium
604 1863 822 1936 indefinitum
839 1889 876 1971 p.
906 1865 966 1940 35.
989 1869 1141 1966 agnovit3

65 1992 168 2068 quae
194 1965 303 2070 salsa,
329 1967 409 2066 quia
435 1967 567 2061 siugula
605 1963 774 2035 Dramatis
800 1963 1139 2043 elemen'ta‘adverso.

1 2075 25 2118 ’-
67 2063 285 2164 Nam'qnis,
298 2065 471 2156 obsecro,
498 2066 653 2136 Theseus·
675 2063 860 2152 tunicatus,
882 2079 915 2135 et
940 2068 1142 2142 armillatus?

66 2167 190 2242 Nobis
216 2167 363 2240 Persona
390 2165 535 2252 tunicata
560 2177 595 2234 et
619 2161 783 2237 armillata
809 2177 862 2234 est
887 2165 1052 2240 Adrastia
1077 2193 1144 2238 ma·

67 2295 140 2368 gna
163 2265 336 2355 Gahiriea,
364 2255 487 2348 Nortia
509 2263 659 2352 henefiea
684 2276 717 2336 et
742 2265 959 2361 Maerotropa
979 2265 1141 2340 Etruseo-

68 2369 165 2462 rum,
192 2365 472 2464 quae‘iug'en‘tem
501 2363 642 2436 Clauum
668 2365 824 2436 trabalem
841 2364 974 2460 arripit,
988 2381 1032 2438 ut
1048 2391 1143 2440 mor-

67 2458 155 2540 bum
179 2465 350 2536 immanem
375 2465 502 2537 'sororis
531 2463 664 2539 Veneris
687 2463 844 2562 genitalis
881 2465 981 2536 tollat
1006 2469 1144 2539 et.mu·'

1 2577 2 2590 ¹
67 2562 155 2639 tet:
184 2563 433 2660 Adsunt'Deae
458 2565 690 2664 Maerotropae
716 2563 867 2635 Gemelli
891 2564 1041 2635 Cahiriei
1059 2567 1138 2640 Sat

67 2680 224 2756 ratores,
254 2665 404 2753 Soteres,
424 2679 466 2736 et
491 2663 656 2756 Minerva,
685 2676 768 2761 quae
787 2664 862 2760 sire
880 2663 1069 2760 symbolice
1091 2666 1138 2736 si·-

66 2792 113 2836 ve
135 2764 280 2864 ¹proprie
306 2765 458 2836 Etruscis
482 2767 598 2862 potuit
622 2777 656 2838 et
681 2764 800 2857 dehuit
825 2787 889 2860 per
913 2762 1039 2834 alatum
1055 2763 1135 2838 'Go-

68 2867 162 2964 nium
181 2863 336 2964 exprimi,
357 2864 438 2962 quia
464 2865 608 2937 essentia
633 2868 693 2936 sua
716 2865 797 2938 rard
813 2861 1133 2964 TypusAngelieus

65 2981 134 3039 est.
161 2962 306 3062 ,Morbus
331 2973 440 3036 autem
463 2979 502 3056 ¹et
525 2964 649 3063 pestis,
671 2975 786 3062 ‘quam
810 2963 981 3036 aSorore
1009 2967 1132 3042 Venere

65 3066 142 3138 vult
167 3061 342 3165 depellere
367 3079 401 3136 et
425 3065 551 3138 tollere
575 3061 855 3151 bouaAdr'artia
878 3076 930 3136 est
953 3064 1047 3156 {uror
1070 3069 1133 3144 Va

66 3161 322 3264 naronalpror
340 3157 583 3256 ,Generationis
610 3159 790 3264 corporum
816 3162 1019 3236 infirmorum
1044 3191 1133 3240 mor.

65 3265 252 3356 taliumset¹
270 3262 529 3362 putrescentium
589 3256 694 3356 Quem
719 3264 868 3339 morbum
892 3263 1014 3338 raror'al
1033 3265 1132 3338 aho-

58 3358 205 3442 lendum
230 3365 272 3436 ah
298 3366 462 3452 Adrastia
486 3389 604 3462 magna
625 3363 764 3464 plurimi
778 3360 917 3439 Veteres
943 3381 977 3438 et
994 3365 1130 3454 Etrusci

64 3469 170 3566 dubio
196 3465 330 3562 pron'ul'
344 3469 405 3561 per
429 3459 580 3564 magnum
605 3483 638 3537 et
663 3467 824 3540 trabalem·
851 3467 991 3539 Glanum
1008 3464 1043 3537 in
1061 3464 1127 3541 fine

55 3561 164 3648 'huius
191 3565 328 3662 Mundi,
352 3587 474 3660 everso
500 3565 571 3638 hoe
590 3565 723 3639 Mundo
748 3564 837 3637 fluxo
850 3579 886 3637 et
897 3565 1006 3657 malo,
1022 3591 1128 3642 noro-
1154 3619 1156 3623 -

63 3685 127 3770 que
150 3693 216 3776 per
246 3653 383 3736 Clauum
399 3663 655 3768 'Maerotropum
681 3665 862 3736 instaurato
883 3675 995 3764 ‘atque'
1027 3665 1125 3740 indu·

61 3768 120 3854 eto'
141 3761 316 3856 tenderunt
333 3759 466 3862 r'¹quem
497 3767 648 3856 Clauum,
676 3765 932 3854 iure-tralatam
957 3768 1000 3838 ah
1014 3768 1124 3841 Hora-

62 3871 119 3944 tio,
136 3861 356 3968 appellatum,
378 3862 601 3947 ideo'fn'o'lum·
619 3867 666 3936 ita
680 3891 845 3962 *magnum
869 3867 903 3938 in
928 3869 1125 3964 Dramatea
1153 3957 1154 3962 ἵ

68 3960 284 4062 solertissimo
310 3962 450 4038 Artiliee
477 3965 640 4064 colligere
664 3989 805 4064 pronum
830 3965 931 4039 est.''
970 4005 995 4028 v.
1055 4021 1058 4028 .
1098 3982 1105 4031 t

115 4060 178 4154 Ill,
206 4062 755 4164 NourrA.Morrotropa'Clanura
774 4092 943 4164 paupera
1004 4085 1010 4124 ῐ
1044 4089 1094 4124 2'·
1157 4135 1162 4146 ,

77 4155 94 4172 ”
110 4165 150 4245 ln
175 4158 244 4241 aaut
268 4159 426 4268 sparta
441 4163 598 4259 funeta,
626 4167 724 4263 quoa
750 4165 863 4239 aaran
905 4162 994 4236 ruem
1037 4156 1122 4234 ver-
