2966 5022
211 541 216 550 Ι
343 447 529 549 migliolius
553 451 648 542 iul.
676 467 711 528 et
733 458 773 530 2.
807 449 892 530 edit.
920 449 1073 554 Imcn'pu
1100 451 1222 526 Peren·
1243 450 1279 526 in
1309 450 1414 552 Opu

343 554 428 624 seul.
443 552 474 624 1.
493 577 573 650 pag.
593 554 655 626 26.
675 557 738 628 27.
765 567 800 626 et
827 553 943 630 alibi:
971 569 1040 626 tum
1066 551 1292 652 Iughiramius
1315 553 1415 628 Serie

342 645 392 720 ll.
421 651 505 721 Tar.
534 651 596 726 62.
623 677 704 756 pag.
736 654 823 726 535.
855 653 940 728 536.
982 669 1017 726 et
1055 652 1238 751 descripsit
1275 667 1412 727 tuntum

343 747 497 822 Pauuika
520 748 556 822 in
580 751 674 827 Mu.
700 753 935 828 Bartholdiau.
964 779 1046 853 pug·
1064 753 1126 826 26.
1149 755 1211 824 27.
1231 753 1295 824 28.
1325 779 1411 826 cou-

344 847 486 947 spieitur
510 847 619 924 media
643 853 762 950 pulcra
787 837 1043 942 MulierNeutu
1070 853 1188 942 alata,
1211 865 1407 952 torquata,

343 948 530 1044 crepidatus,
557 951 754 1044 armillata,
782 978 907 1028 uorans
931 953 1054 1028 iluridu
1080 965 1181 1053 eaput
1208 967 1405 1044 exornata,

340 1047 486 1148 palliolo
511 1049 662 1127 iluituute
686 1052 845 1128 inferiora
869 1065 1116 1143 tantumteeta,
1137 1051 1275 1124 sinistra
1301 1077 1406 1126 mauu

344 1145 496 1240 Glanum,
524 1176 590 1224 nnn
614 1151 743 1244 stilum,
771 1153 894 1228 Parieti
918 1153 1109 1252 adpositum
1132 1166 1262 1243 teneus,
1281 1151 1405 1224 dextre

339 1271 419 1322 vero
444 1249 591 1326 demissa
613 1249 787 1344 Mulleum,
814 1279 882 1352 quo
912 1254 1051 1326 Clavum
1075 1251 1242 1352 infigeret:
1261 1249 1404 1322 adeius

289 1413 292 1420 ,
341 1347 509 1424 dexterum
534 1363 586 1426 est
609 1351 677 1432 alia
694 1353 821 1426 Mulier
833 1353 990 1427 decenter
1001 1353 1123 1425 vestita
1139 1366 1288 1424 amanter
1302 1373 1396 1423 eum-

339 1450 512 1550 pleeteus‚
538 1464 574 1525 et
598 1475 710 1524 euram
733 1451 857 1525 habens
873 1453 949 1529 Viri
973 1452 1106 1551 penitus
1131 1449 1214 1524 nudi
1231 1465 1266 1524 et
1283 1447 1403 1520 sedeu-

340 1550 399 1644 tis,
426 1549 481 1624 vel
506 1547 659 1643 iuuentis,
684 1551 740 1624 vel
765 1552 856 1650 aegri
882 1567 917 1625 et
942 1551 1035 1650 gravi
1060 1549 1177 1628 morbo
1204 1549 1328 1623 vexati:
1356 1573 1398 1621 ex
1469 1574 1470 1626 t

341 1649 408 1724 alia
433 1663 530 1746 parte
555 1665 622 1724 stet
645 1651 733 1724 alius
758 1653 821 1730 Vir
845 1652 954 1726 nudus
979 1651 1141 1741 hastatus,
1170 1663 1204 1722 et
1229 1651 1322 1722 iuxta
1347 1673 1402 1721 se-

342 1749 401 1824 det
426 1750 555 1824 Mulier
578 1751 749 1849 crepidula
773 1765 808 1826 et
824 1766 998 1851 torquata,
1019 1743 1169 1825 etiterum
1181 1775 1323 1848 prorsus
1342 1773 1402 1820 nu·
1469 1777 1470 1822 ι

341 1848 416 1924 da:
445 1849 577 1945 Quibus
601 1851 669 1926 fere
693 1852 849 1926 omuibus
874 1856 960 1928 oculi
984 1865 1062 1924 suut
1087 1852 1136 1924 ita
1161 1851 1270 1948 aperti
1296 1862 1332 1920 et
1349 1848 1402 1922 di·
1466 1870 1469 1883 ·

341 1949 470 2044 lutati,
498 1966 536 2025 ut
560 1951 604 2026 ad
628 1951 769 2051 aliquod
792 1979 945 2053 maguum
969 1949 1163 2050 prodigium
1189 1948 1402 2048 conspicien-

343 2049 423 2124 dum
447 2047 591 2128 adstent.
619 2054 659 2126 In
683 2054 857 2150 superiore
882 2051 1023 2149 Speculi
1048 2077 1120 2141 ora,
1135 2049 1307 2148 adscripta
1322 2049 1406 2120 haee
1467 2069 1468 2094 ³

344 2151 457 2245 verba,
471 2155 570 2226 initio
594 2150 682 2224 laetu
708 2178 728 2224 a
753 2152 832 2228 loeo
859 2152 1016 2226 Mulieris
1042 2151 1152 2224 nudae
1177 2164 1211 2221 et
1236 2149 1406 2222 sedentis:

344 2277 526 2342 urrunnu,
554 2264 591 2322 ut
615 2250 838 2348 Iughirumius
862 2268 897 2324 et
920 2249 1073 2328 Pauuilru
1099 2247 1303 2336 ediderunt,
1336 2271 1408 2320 uon
1465 2302 1469 2361 Ι

345 2376 517 2441 aunuum,
543 2361 580 2420 ut
605 2349 702 2423 dedit
723 2351 984 2451 Mermigliolius
1001 2353 1036 2426 iu
1053 2349 1101 2424 2.
1117 2348 1229 2448 Opem
1242 2345 1407 2422 editione.
1469 2363 1470 2428 i

106 2533 108 2538 λ
344 2451 384 2526 2.
412 2474 579 2541 aarum,
607 2449 855 2550 volumumus.
883 2453 920 2525 3.
949 2478 1097 2526 arama.
1126 2453 1164 2522 le.
1187 2443 1412 2522 re...V·er-
1467 2441 1471 2514 l

220 2593 223 2598 ·
347 2548 535 2650 migliulins
559 2562 594 2624 et
619 2549 741 2647 reliqui
766 2551 972 2650 interpretes
997 2551 1160 2626 Graecum
1184 2549 1341 2646 Mythum
1359 2545 1412 2618 A·
1469 2545 1470 2630 ᾗ

213 2671 219 2694 '
348 2655 498 2726 tutantur
522 2664 557 2726 et
576 2650 797 2746 Meleuyra‘in
815 2652 880 2750 hoe
904 2653 1061 2724 Dramate
1078 2663 1303 2747 argueremur,
1321 2643 1414 2720 haud
1470 2681 1473 2743 3

346 2751 525 2839 sentientes
551 2764 618 2826 tum
643 2750 905 2848 insuperabilem
942 2773 1016 2824 esse
1041 2763 1075 2823 et
1101 2749 1314 2822 intrinsecam-
1346 2746 1412 2819 ab·

346 2849 570 2941 surditatem,
597 2862 635 2922 ut
659 2873 727 2922 nun
751 2851 798 2922 sit
821 2849 1022 2924 refellenda.
1058 2847 1163 2950 Atqui
1199 2850 1269 2922 hue
1308 2871 1409 2951 prae-

346 2949 581 3026 suntininu'n
607 2951 730 3027 Druna
753 2962 873 3024 est'ex
896 2951 998 3048 plane
1021 2951 1173 3050 propriis
1197 2963 1232 3022 et
1256 2945 1414 3023 ldioeth·

257 3072 259 3080 ‘
345 3049 431 3125 uiuis
440 3050 668 3143 Etruseorum,
683 3065 718 3124 et
730 3051 984 3150 Dugmaserrat
996 3051 1129 3150 penitus
1142 3051 1291 3149 ignotum
1304 3047 1412 3121 Grae·
1474 3121 1475 3142 χ

346 3151 411 3242 eis,
425 3152 607 3230 etuuuiuse
619 3153 745 3226 tuntuiu
757 3165 792 3226 et
809 3149 1000 3251 imper-lecte
1024 3151 1206 3226 indicatum
1222 3178 1242 3224 a
1260 3149 1414 3241 Latinis,
1474 3169 1475 3232 ᾗ

342 3263 384 3321 ut
406 3249 513 3349 paulo
538 3277 640 3352 supra
664 3278 745 3352 pag.
775 3255 836 3326 89.
866 3255 930 3338 90.
958 3248 1203 3344 adnotavimus,
1223 3275 1295 3353 qun
1317 3273 1411 3322 uem·
1474 3255 1475 3260 ’

345 3345 1413 3538 ttitittliili-ltilt‘tttitllttttltltt

346 3547 385 3622 di
410 3553 669 3654 Mammam,
688 3566 873 3651 utmagnus
893 3553 1023 3652 aliquas
1043 3553 1262 3642 calamitates²
1275 3546 1417 3644 inducta

348 3671 437 3724 nova
461 3651 609 3730 Perinde
633 3667 670 3734 et
692 3677 782 3733 nevo
807 3654 932 3740 Rerum
949 3653 1160 3725 humanarum
1177 3667 1276 3726 eursu
1298 3649 1422 3748 expel-

350 3747 422 3826 lere
447 3763 482 3822 et
507 3751 634 3852 lugere.
663 3752 765 3844 Quod
789 3753 920 3848 Dugura
945 3741 1216 3846 mireleqngruit'
1236 3767 1313 3847 'uum
1335 3749 1417 3851 ipsa

342 3847 526 3924 ‘Ghrunnlo
553 3855 585 3929 ia
610 3850 826 3926 Ideoethniua
852 3847 1098 3937 Etruseorum,
1126 3870 1222 3946 quam
1247 3838 1418 3921 iudicari·

353 3975 427 4026 mus
459 3950 495 4024 in
524 3878 619 4026 l'eut.
647 3948 760 4026 Herm.
789 3949 865 4024 Etr.
922 3945 1089 4022 dit-54.
1118 3947 1198 4046 ipsa
1222 3947 1414 4045 ergu'Pen·

363 4067 417 4125 tus
445 4051 597 4130 Gabinae
618 4047 823 4128 idioethuiua
909 4071 1060 4123 usuorum
1084 4045 1416 4148 iuSpeuuloexpri-

363 4151 479 4250 mitur,
504 4165 550 4234 et‘
564 4179 628 4234 unu
656 4151 808 4231 cultrice
824 4147 982 4254 dogmata
993 4145 1204 4260 Thenlugiea
1216 4161 1251 4226 et
1263 4149 1415 4250 Psycha-
