2966 5022
94 415 295 516 significari.
314 415 397 492 Nam
421 413 500 516 quis
524 415 665 491 obsecro
692 440 766 491 cnm
783 413 951 491 Binneano
977 429 1011 493 et
1029 320 1163 494 soble-

23 525 24 528 ’
95 521 220 618 sio‘p.
249 519 312 591 lili.
339 520 374 592 in
398 519 508 592 Puero
545 519 610 594 boc
634 518 779 592 Etrusco
804 517 959 593 Paridem
998 518 1163 618 Phrygem

93 619 133 692 in
160 617 252 792 bulla
277 619 398 792 Priami
420 619 527 730 Regis
551 621 701 722 agnitum
725 631 760 694 et
784 633 955 720 receptum
988 624 1161 718 agnoverit

92 736 132 794 et
149 747 222 894 Iplll
245 735 414 894 liliicllrrlatu
437 821 584 896 Etrusca
608 821 739 896 Beeclu‘
760 820 935 919 Proloqoni
958 826 1087 895 euirati.
1130 841 1135 856 ¹

148 925 186 1018 4.
216 921 337 996 Edidit
360 923 564 996 Contucoius
590 949 630 1016 ex
655 925 749 1000 Mus.
777 923 928 996 Kirrlrer.
959 923 1046 996 Tub.
1068 920 1159 1018 XX.

88 1046 184 1120 pag.·
208 1026 270 1096 8l.
300 1022 481 1122 Speculum
507 1023 694 1116 Etruscum,
722 1049 790 1122 quo
816 1015 1068 1122 conspiciuntur
1093 1037 1165 1098 tres

70 1124 244 1196 lu‘venes
268 1125 370 1224 plane
395 1123 490 1215 nudi,
518 1149 659 1223 quorum
684 1123 813 1202 medios
841 1139 907 1198 stat
923 1123 1087 1214 hastatus,
1104 1129 1163 1223 qui

88 1223 134 1295 ad
162 1225 242 1298 eins
269 1225 440 1298 sinistram
465 1239 518 1297 est
542 1225 577 1296 in
604 1225 729 1322 insigni
756 1224 840 1296 sella
866 1223 986 1318 sedet,
1014 1225 1163 1323 pedibus
1284 1295 1287 1300 .

88 1323 214 1398 ferinis
240 1329 429 1417 instructa,
456 1351 546 1424 pone
571 1339 707 1397 truncus
732 1325 888 1414 arboris,
915 1323 960 1426 ad
985 1351 1082 1424 quem
1108 1353 1165 1399 su-

88 1449 255 1521 spensum
279 1427 452 1500 vasculum
477 1437 649 1516 ansatum,
677 1424 811 1500 sinistra
836 1449 933 1500 mauu
958 1427 1079 1500 Eusem
1105 1453 1163 1500 ru-

89 1526 173 1624 ginu
203 1531 477 1618 tectum'tenet,
507 1526 626 1598 dextra
651 1524 779 1600 elevata
804 1524 960 1618 bustam,
996 1553 1062 1626 qna
1087 1527 1165 1626 ipsa

93 1628 238 1702 dextera
266 1630 380 1704 indice
418 1643 531 1702 erecto
556 1627 699 1700 Coelum
736 1627 907 1700 manifeste
944 1627 1163 1702 demonstrat.

90 1729 239 1802 Tertius
264 1731 402 1805 Juvenis
427 1727 536 1802 tristis
562 1727 721 1802 confusus
745 1727 824 1800 fixis
842 1741 876 1799 et
891 1727 1031 1802 deiectis
1053 1729 1165 1802 oculis

96 1832 213 1928 aeque
239 1831 346 1923 sedet,
363 1828 435 1910 ,sed
460 1829 539 1908 loeo
564 1827 759 1920 humiliore,
784 1829 933 1910 lanceam
958 1829 1089 1904 sinistra
1106 1829 1167 1904 ba-

96 1928 181 2018 bet,
211 1943 244 2000 et
271 1931 406 2004 dextera
432 1929 592 2030 obtegere
617 1941 759 2002 attentat
774 1929 890 2002 locum
907 1930 1088 2021 sexuulem,
1108 1933 1168 2030 qui

97 2052 232 2100 vacuus
258 2043 339 2122 est,
366 2029 530 2102 Gemellis
556 2029 698 2128 reliquis
722 2028 808 2103 bene
846 2027 1003 2121 rasatis,
1042 2031 1168 2105 Stellae

99 2141 177 2201 tres
203 2155 303 2228 supra
328 2131 531 2202 incircuitu
557 2129 763 2226 adsoulptae:
793 2127 886 2202 nulla
913 2128 948 2200 in
975 2129 1086 2229 capilo
1103 2157 1169 2207 me·

96 2228 167 2320 dii,
188 2231 319 2304 duabus
337 2230 382 2304 ud
407 2245 614 2328 postremum
639 2230 726 2304 hunc
743 2230 1002 2330 pertinentibus.
1022 2231 1168 2306 Contuc-

22 2417 23 2422 ἵ
96 2331 175 2401 cius
194 2333 240 2402 'in
261 2331 316 2404 bis
341 2330 443 2404 nudis
468 2330 628 2404 fratribus
652 2328 947 2427 Agamemnonem,
975 2331 1165 2430 Ulyssem,

96 2445 136 2500 et
162 2431 361 2504 Diomedem
386 2431 488 2523 vidit,
509 2445 543 2504 et
559 2455 662 2502 novas
687 2432 810 2508 Iliacas
836 2455 951 2506 scenas
977 2433 1165 2510 confinxit:

87 2557 186 2629 quus
211 2547 326 2630 potest
350 2533 494 2631 quisque
520 2531 585 2604 sibi
610 2531 744 2606 babere.
771 2531 819 2607 At
844 2557 998 2605 arcanum
1024 2548 1060 2606 et
1084 2559 1166 2630 pro-

91 2631 448 2732 fundum‘Cabiricum
472 2635 605 2732 Dogma
630 2651 650 2704 a
663 2635 833 2708 Clemente
846 2631 964 2725 Alex,
978 2631 1074 2703 lulio
1091 2633 1167 2704 Fir-

91 2731 197 2823 mieo,
218 2733 361 2834 aliisque
378 2733 561 2806 iudicatum
587 2733 634 2804 ita
659 2735 833 2808 manifeste
857 2733 923 2806 boc
948 2735 983 2804 in
1008 2731 1167 2806 Drumulo

93 2833 308 2929 exprimitur,
335 2835 452 2906 utres
478 2834 576 2906 nullo
602 2852 700 2929 egeat
723 2835 976 2911 commentario.
1007 2833 1080 2908 Nec
1097 2834 1162 2907 du-

92 2931 171 3003 bito
197 2935 278 3032 quin
304 2933 476 3008 vasculum
503 2931 594 3007 illud
619 2931 685 3032 ily>
711 2963 771 3008 um
797 2938 845 3008 sit
869 2936 1067 3034 Symbolum
1095 2937 1165 3014 Va·

90 3041 142 3106 sis
168 3037 336 3128 humani,
363 3053 394 3108 ct
419 3040 536 3108 uirium
574 3023 639 3132 bin
680 3065 761 3110 cnm
788 3039 932 3139 Dionysi
969 3042 1096 3110 euirati.
1125 3042 1164 3109 2.

92 3135 188 3226 Qnin
211 3135 280 3210 ¹¹⁰⁰
310 3139 501 3210 Gallicum
540 3143 736 3237 mysterium
774 3137 845 3212 alio
884 3139 983 3212 etiam
1019 3138 1177 3235 Speculo
1290 3179 1293 3191 η
1335 3153 1340 3164 ·

89 3235 229 3308 funebri
254 3237 398 3309 Etrusco
426 3237 649 3334 significatum
674 3257 843 3332 tenemus,
871 3239 964 3338 qnod
989 3238 1169 3333 ediderunt

92 3334 225 3409 Gorius
254 3336 412 3408 Tomsls
442 3339 598 3436 inscript.
628 3347 814 3436 Etruriae,
841 3365 923 3440 pag.
955 3345 1039 3412 402.
1070 3336 1165 3414 etin

92 3436 188 3512 urus.
219 3439 297 3512 Etr.
325 3438 356 3508 l.
387 3437 474 3508 Tab.
506 3441 591 3516 l26.
623 3451 682 3519 lt.
710 3469 791 3542 pag.
819 3445 908 3516 250.
936 3439 1162 3538 lngbirumius

95 3537 254 3612 Menum.
296 3537 373 3623 Etr.
402 3537 568 3610 Serirrll.
598 3547 683 3620 Ter.
713 3535 883 3640 tilspag.
916 3541 1001 3615 526.
1038 3554 1072 3612 et
1098 3569 1167 3644 quo

59 3639 63 3650 “
97 3641 274 3712 exhibetur
299 3637 513 3738 Senextoga
536 3645 649 3740 pieta,
677 3659 716 3718 nt
739 3643 826 3730 Rex,
854 3640 1004 3736 indutus,
1032 3657 1066 3714 et
1090 3645 1171 3716 lau*

95 3757 207 3812 reatus
234 3740 432 3832 sedens,'arl
448 3743 521 3814 eius
540 3747 708 3820 sinistram
733 3755 800 3816 stat
813 3743 940 3818 Mulier
964 3743 1065 3836 nuda,
1093 3769 1162 3818 me·
1205 3785 1218 3826 χ

98 3842 182 3914 uisci
208 3843 357 3942 speeiem
383 3841 493 3939 capite
512 3870 644 3944 gerens,
664 3847 775 3922 adstat
799 3867 910 3919 coram
935 3845 1073 3919 lurenis
1090 3845 1171 3918 laus
1264 3877 1271 3888 ·
1297 3887 1300 3892 ,

100 3957 240 4034 reatus,
269 3942 485 4022 cothurnatus
506 3953 525 4035 ,'
559 3950 698 4022 sinistro
732 3947 868 4019 humero
907 3945 1053 4041 ingentis
1078 3939 1165 4034 Apri

104 4056 204 4138 caput
228 4059 372 4140 gestans,
388 4043 506 4136 dextro
532 4043 674 4140 hastam,
684 4049 760 4146 ipse
786 4071 868 4119 sexu
883 4045 989 4116 fracto
1009 4055 1042 4110 et
1067 4039 1168 4135 quasi

101 4136 238 4220 lamella
260 4143 357 4223 nerea
382 4144 585 4252 obsignate,¹
596 4163 636 4224 nt
653 4145 852 4250 singillatim
869 4139 1007 4219 adnotat
1024 4129 1172 4234 Gorlusl'
