2924 5024
333 377 493 455 remotae,
521 375 560 436 ut
574 373 810 464 quamcumque
827 361 1115 464 eomparationem.
1125 363 1299 438 instituere
1319 365 1401 442 ire,
1448 353 1449 366 ¹

336 465 428 560 ptire
452 489 590 562 prorsus
615 479 718 540 esset.
936 465 937 469 ’
1001 543 1009 562 χ
1204 463 1205 466 ’

385 565 427 638 3.
456 567 640 638 Drnnrnto
659 566 819 642 Vesorum
842 565 1015 640 Baoclrico
1039 570 1170 664 saepius
1207 567 1317 652 lutheriw
1336 573 1390 638 de-

337 665 413 740 bent
437 665 605 738 Dramata
630 665 764 740 Pollice
788 683 820 738 et
844 659 1034 767 Symbolica
1058 667 1169 766 Elysii
1191 667 1355 740 Baerlrici.

389 764 474 838 Narn
499 766 529 836 si
555 766 698 840 socialia
723 782 756 838 et
781 765 906 838 urbana
931 793 1005 840 esse
1031 793 1097 839 uon
1123 782 1280 863 possunt,
1296 769 1324 838 si
1339 793 1389 838 ue—

264 909 267 918 ·
339 889 394 937 mo
420 889 572 962 umquam
597 893 638 942 ne
664 867 759 942 [inxit
784 867 920 968 quidem
944 867 1082 942 Faunos
1118 883 1152 938 et
1194 867 1333 964 Satyros
1355 869 1388 938 in

209 1017 212 1024 -
337 964 444 1038 Coelo
471 981 504 1036 et
529 964 705 1064 Olympo,
731 995 800 1042 non
824 982 950 1040 restant
974 968 1041 1041 uisi
1067 967 1232 1056 Tartara,
1261 983 1295 1038 et
1318 967 1386 1066 qui·

336 1065 412 1137 dem
436 1064 576 1160 Elysii,
603 1068 724 1164 quibus
749 1068 832 1142 bueo
857 1069 968 1166 ampla
993 1067 1125 1140 Cohors
1149 1067 1314 1140 Baoobiea
1337 1094 1390 1138 er-

335 1191 401 1261 que
426 1168 683 1258 uetustissima,
711 1181 749 1240 ut
774 1169 903 1242 iudicat
927 1170 1068 1266 ipsemet
1105 1193 1239 1238 severus
1270 1170 1380 1240 Strabo

332 1265 431 1338 Libr.
461 1267 510 1340 X.
539 1292 620 1365 pag.
650 1267 735 1340 468.
765 1268 876 1366 possit
919 1271 1026 1366 recipi
1057 1283 1091 1340 et
1117 1269 1311 1358 collocari,
1352 1281 1383 1338 et

331 1390 472 1464 prorsus
498 1383 720 1465 congruenter
737 1385 771 1440 et
789 1381 981 1468 opportune
998 1370 1078 1442 dato
1096 1369 1248 1468 Imperio
1269 1370 1389 1441 Bacrln'

332 1469 369 1540 io
395 1467 521 1542 Manes
545 1482 580 1540 et
604 1467 741 1542 Animas
766 1495 881 1560 ornnes
919 1469 1173 1560 delunetorurn,
1209 1483 1248 1540 ut
1273 1470 1384 1541 habero

332 1569 514 1666 putabitur·
542 1567 677 1662 Osiris,
706 1595 780 1646 oum
804 1597 873 1670 quo
900 1595 1013 1644 omnes
1038 1569 1203 1669 Aegyptii
1220 1571 1387 1643 morientes

335 1693 411 1741 esse
435 1669 608 1743 uolebant.
1119 1755 1122 1767 Ὺ

383 1770 424 1844 lr·
451 1773 621 1846 Dramata
645 1772 819 1846 Bacchico
849 1770 945 1846 Varis
977 1775 1076 1870 pictis
1112 1798 1269 1870 expressa
1305 1787 1388 1840 tauto

332 1887 408 1943 aunt
431 1899 565 1944 numero
591 1889 622 1944 et
646 1879 707 1944 ita·
719 1880 903 1974 frequenter
925 1889 1112 1963 recurrunt,
1132 1887 1167 1942 ut
1191 1871 1293 1968 plane
1306 1890 1383 1942 corun

333 1987 365 2042 et
390 1975 561 2069 explorato
586 1980 650 2046 sint
675 1991 865 2070 arqunrersto
895 1973 987 2050 Vasa
1013 1975 1198 2052 luriusmodi
1223 1975 1318 2062 titisse
1331 1999 1387 2042 suu

333 2075 487 2166 uriyinali
512 2090 543 2144 et
562 2080 709 2172 propria
733 2079 929 2148 institutione
955 2075 1119 2164 lbuebria.

332 2191 334 2199 ’
384 2173 469 2245 Nom
495 2175 523 2244 si
550 2199 667 2246 scenae
692 2175 879 2270 Baoelricao
905 2173 938 2246 in
954 2175 1052 2248 Varis
1077 2171 1228 2270 expiatae
1252 2196 1392 2242 essene-

330 2287 459 2370 queunt
484 2273 548 2344 nisi
575 2273 729 2370 symbola
754 2275 1017 2370 conversationis
1042 2287 1077 2344 et
1102 2271 1304 2370 receptionis
1320 2271 1394 2367 pia-

335 2399 408 2446 rum
438 2367 629 2446 Animarum
654 2373 689 2445 in
714 2375 831 2475 Elysio
856 2376 985 2448 Baeclri
1013 2375 1185 2456 Cabirier':
1222 2387 1258 2444 et
1282 2373 1311 2444 si
1335 2372 1394 2442 hae

336 2499 454 2546 scenae
480 2487 558 2548 sunt
584 2487 677 2548 tanto
702 2499 860 2565 numero,
890 2492 927 2550 ut
952 2501 991 2548 ex
1017 2489 1145 2548 eentum
1174 2473 1271 2548 Vasio
1296 2473 1394 2544 insint

339 2575 458 2647 saltem
485 2577 695 2672 nonaginta,
724 2588 757 2644 et
783 2575 904 2675 sinon
948 2589 1132 2676 potueruut
1174 2572 1310 2672 expingi
1334 2573 1395 2642 nisi

334 2691 429 2748 nerto
452 2677 601 2750 oonsilio
621 2684 634 2768 ',
653 2692 696 2748 et
720 2675 928 2772 proposito,
962 2677 1080 2771 utique
1120 2674 1298 2748 tenendum
1339 2685 1387 2743 est

337 2777 430 2849 Vasa
455 2779 741 2872 Dramatoqrapta
767 2774 811 2846 ed
836 2777 981 2872 quietem
1013 2776 1164 2872 Elysiam
1206 2773 1393 2846 Animarum

332 2873 387 2944 uel
415 2873 627 2948 obtinendam
653 2875 708 2948 uel
735 2875 1153 2948 indioandnmlnissedatb
1179 2879 1283 2974 operi
1309 2898 1385 2944 oon-

333 2974 407 3046 dito
434 2989 469 3046 et
492 2976 598 3072 pieta.
627 2974 672 3046 Et
696 2977 852 3075 quoniam
878 2975 934 3048 hie
961 2979 1082 3074 'l'ypus
1125 2991 1160 3058 et
1203 2974 1395 3073 Symbolum

333 3075 473 3149 minime
499 3075 700 3148 excludebat
725 3089 759 3148 et
791 3076 981 3174 repellebat
1023 3078 1091 3150 alia
1129 3077 1284 3148 Dramata
1326 3075 1394 3146 sive

331 3176 473 3274 propria
498 3191 532 3248 et
557 3177 902 3276 Psyrlrologiea,sive
929 3177 1196 3276 Mytbiea,.quae
1225 3177 1319 3252 Vasir
1344 3174 1398 3244 Pi-

267 3367 272 3378 ·
333 3283 394 3350 ctis
418 3275 614 3368 funebribus
640 3279 865 3371 adderentur,
895 3278 972 3352 bino
997 3278 1132 3372 loetum,
1161 3292 1198 3348 ut
1224 3276 1286 3348 illo
1311 3299 1400 3372 sym-

333 3375 415 3450 bola
440 3379 606 3466 Baeobiea
632 3381 840 3456 inveniantur
865 3381 966 3454 etium
990 3379 1067 3452 aliis
1092 3377 1307 3452 Dramatibus
1338 3373 1398 3448 od·

332 3477 405 3548 dita
431 3493 467 3551 et
491 3480 666 3577 apposita.
1096 3538 1103 3546 -

382 3578 445 3652 Vl.
473 3579 574 3654 Sexto
600 3588 679 3679 quia
703 3583 872 3654 Dramata
897 3581 1069 3653 Bacchica
1102 3579 1135 3654 V
1135 3587 1201 3654 osis
1232 3581 1396 3678 adpicta,

332 3699 409 3754 sunt
433 3687 566 3779 saepius
591 3684 762 3754 Dramatu
787 3683 916 3754 Bacchi
940 3681 1060 3752 Aerati
1097 3681 1229 3757 Boaelti
1266 3679 1397 3752 redituri

332 3789 367 3854 in
393 3809 516 3876 mopna
541 3797 573 3854 et
597 3786 697 3874 firrbli
721 3783 955 3878 Palinqennsia
981 3782 1117 3854 Mundi.

386 3887 419 3956 l.
451 3882 662 3981 Etprimum
687 3885 856 3954 Dramata
873 3884 1003 3954 Bacchi
1020 3881 1225 3980 Nebroplrili:
1242 3880 1292 3950 Ut
1304 3872 1396 3973 apud

331 3983 516 4058 Passerinus
531 3985 575 4054 Τ.
593 3983 622 4054 Ι.
639 3982 727 4054 Tab.
748 3984 807 4053 16.
825 3995 891 4054 eto.
920 3981 1147 4054 Herniltonunr
1161 3985 1206 4052 Τ.
1224 3981 1285 4051 lv.
1305 3977 1391 4048 Tab.

1448 4523 1449 4558 l

1448 4573 1449 4604 l

329 4082 394 4156 Yl.
412 4100 477 4158 ete.
500 4085 640 4159 Scilicet
653 4108 754 4184 quum
766 4084 922 4156 Bacchus
934 4071 1109 4155 Cabirieus
1123 4096 1156 4154 et
1173 4083 1333 4158 Vesorum
1348 4087 1393 4147 est
