2924 5024
373 335 444 407 diist

317 433 437 508 ·IV.'
448 438 615 508 Dramutu
632 433 792 508 Vesorum
800 438 978 530 pictorum
990 459 1109 530 quaec
1126 437 1284 530 sepulcris
1302 438 1380 510 Itu-

320 539 392 608 licis
417 552 575 610 cruuntur
597 562 662 606 ιιιιιι
682 547 820 630 possunt
856 535 968 604 haberi
985 535 1113 607 Sceuae
1131 537 1315 634 Ectypicac
1341 557 1385 610 et

320 637 490 710 Βιαιιιιιιιι
519 637 819 732 Cyriuselrcmutieo
844 634 1082 735 Mysteriorum
1109 637 1285 709 illustrium
1313 641 1386 711 Ce-

320 742 412 830 reris,
440 735 579 826 Bueelri,
608 734 771 805 Mithrae.

373 841 405 906 t
436 837 562 925 Primo,
590 834 686 931 quia
683 833 822 904 nulla
812 861 846 904 ιιι
873 833 971 908 ltalia
998 834 1164 932 Mysteria
1183 838 1287 930 clara,
1307 865 1386 912 ma-

319 935 467 1036 gnifica
502 949 535 1005 et
561 958 645 1033 quae
669 959 731 1030 per
756 935 903 1030 ingentia
928 949 963 1007 et
987 937 1156 1008 mirabilia
1181 943 1383 1036 spectacula

317 1036 559 1108 exhiberentur
588 1035 748 1106 Italorum
774 1037 931 1130 mysteria
956 1059 1075 1133 pauca,
1104 1037 1261 1130 obscura,
1281 1047 1384 1112 tene·

227 1164 230 1176 ‘
317 1137 475 1228 bricosa‚
502 1137 615 1232 turpia
639 1133 852 1231 quandoque.
881 1137 1004 1209 Pottae
1042 1137 1168 1234 magni
1183 1154 1378 1255 recentes,

235 1243 239 1250 '
315 1235 470 1330 Dramata
494 1250 603 1307 antem
634 1234 800 1308 Vesorum
837 1235 928 1308 clara
953 1249 987 1308 et
1010 1239 1213 1334 praestantia
1236 1240 1372 1354 ingenia

318 1323 352 1410 et
377 1337 513 1432 antiqua
539 1335 778 1408 demonstrant.

366 1443 403 1508 2
434 1433 602 1528 Secundo,
629 1437 725 1532 quia
734 1436 764 1506 si
789 1436 944 1507 Dramuta
968 1435 1133 1536 Vesorum
1159 1447 1269 1510 essent
1292 1464 1370 1512 sce·

193 1609 197 1620 ,
315 1565 376 1610 nae
401 1536 585 1634 Ectypicae
605 1535 849 1632 Mysteriorum
874 1536 963 1608 haud
988 1549 1078 1608 tanta
1103 1554 1218 1612 mutuo
1254 1540 1373 1612 diver-

316 1641 415 1710 sitate
441 1637 679 1733 discreparent:
707 1637 751 1707 Et
775 1635 823 1706 ita
848 1637 981 1734 quidem
1006 1651 1044 1707 ut
1069 1637 1123 1711 vix
1150 1638 1283 1737 possint
1298 1641 1373 1713 duo

318 1725 406 1812 Vasa
433 1737 577 1835 proferri
602 1737 716 1808 eadem
741 1736 845 1808 Scene
884 1751 917 1807 et
955 1738 1112 1810 Dramate
1150 1754 1296 1812 ornatae
1326 1739 1378 1813 At

318 1855 434 1912 contra
460 1839 604 1954 plurima
622 1863 699 1911 vasa
717 1831 860 1908 fnis‘sent
874 1837 1032 1909 identicis
1047 1839 1255 1930 Dramatibus
1273 1866 1375 1912 exor-

317 1951 423 2012 nnta:
453 1939 539 2033 Quia
551 1939 680 2010 Scenae
699 1933 935 2034 Μιιιιιιιιιιιιιι
954 1951 1058 2008 statae
1075 1941 1269 2012 certissimis
1283 1967 1378 2038 sym-

315 2039 406 2112 bolis
434 2039 605 2112 ornatibus
629 2039 785 2154 personis
811 2039 960 2110 moribus
987 2040 1271 2138 circumscriptae.

324 2141 404 2210 ·.3
429 2139 569 2226 Tertio,
597 2139 676 2236 quia
702 2139 731 2210 si
756 2140 912 2211 Dramata
937 2137 1100 2214 Vesorum
1123 2156 1232 2215 essent
1250 2141 1384 2214 Scenae

315 2241 498 2336 Ectypicae
525 2238 766 2334 Mysteriorum
790 2239 909 2329 claro,
949 2255 1073 2332 certo,
1109 2257 1143 2314 et
1167 2241 1259 2315 troili
1283 2265 1380 2314 nexu

314 2356 427 2434 mutuo
453 2351 739 2432 connecterentur,
760 2339 853 2436 qnod
870 2339 1002 2412 minime
1025 2339 1075 2412 fit.
1093 2339 1179 2436 Nam
1194 2342 1232 2412 'si
1253 2365 1377 2412 scenae

317 2438 554 2538 Myster'rornm
580 2451 654 2520 sunt
680 2439 869 2512 necessario
895 2454 1013 2514 mutuo
1034 2456 1070 2512 et
1094 2443 1207 2514 intime
1242 2466 1371 2512 conne-

318 2565 391 2634 ιιι,
419 2541 506 2640 qnia·
525 2564 622 2612 unum
649 2539 830 2613 Doctrinae
857 2565 980 2638 corpus
1005 2540 1165 2634 efficiunt,
1182 2556 1216 2614 et
1241 2541 1375 2614 Scenae

315 2643 480 2716 Vesorum
505 2667 546 2714 ex
571 2641 760 2738 Mysteriis‚
781 2640 897 2737 ntique
914 2644 976 2714 ha'e
1001 2657 1162 2741 quoque
1164 2655 1279 2714 scenae
1295 2667 1374 2713 mu-

314 2758 374 2814 tuo
400 2742 551 2814 connecti
577 2755 611 2811 et
636 2741 793 2838 componi
812 2767 876 2812 una
900 2741 1071 2815 deberent.
1102 2742 1148 2818 At
1172 2744 1239 2815 hoc
1256 2743 1378 2826 haete-

314 2863 376 2912 nus
401 2843 435 2910 io
463 2842 561 2914 Vasis
587 2839 673 2910 adeo
700 2865 795 2913 nemo
822 2856 991 2956 praestare
1017 2845 1157 2942 potnit,
1165 2859 1203 2916 ut
1220 2841 1276 2912 rix
1300 2841 1379 2914 Vas

314 2938 468 3039 aliquod·
485 2939 599 3045 possit
612 2941 772 3032 excitari,
785 2943 880 3014 cuius
895 2953 1045 3058 utraque
1070 2945 1171 3017 facies
1199 2941 1289 3016 certo
1313 2965 1381 3012 ne-

259 3035 264 3052 '
315 3064 359 3113 xu
386 3048 500 3114 mutuo
526 3045 670 3133 constet,
700 3057 734 3114 et
759 3042 849 3114 clere
876 3041 921 3116 sit
946 3045 1125 3142 explicato.

364 3141 402 3213 [ι.
432 3141 576 3235 Quarto,
604 3141 682 3240 quia
707 3142 801 3216 nulla
827 3168 931 3216 scena
941 3146 1105 3244 Ectypica
1123 3159 1269 3217 veterum
1294 3141 1384 3256 Μι-

315 3241 495 3314 steriormn
500 3245 635 3342 potuit
661 3243 770 3316 adhoc
795 3244 1003 3344 deprehendi
1029 3259 1121 3317 certo
1147 3247 1182 3318 in
1207 3241 1378 3317 Dramati-

314 3343 398 3416 bus·
395 3320 580 3416 Vesorum.
610 3343 688 3416 Non
706 3343 862 3418 Dramata
879 3347 1009 3419 Bacchi
1032 3347 1170 3420 Sebaz'
1130 3377 1169 3418 ιι
1187 3360 1221 3417 et
1227 3341 1374 3438 Zagrei,

309 3467 375 3515 non
392 3443 519 3516 'Cereris
531 3444 579 3516 ΕΙ
566 3448 726 3536 trusione,
747 3471 815 3516 non
832 3444 980 3544 Athydis
993 3448 1160 3544 Cybelei,
1164 3471 1230 3518 non
1243 3444 1380 3532 Bacchi

313 3545 472 3633 Lernaei,
491 3569 567 3616 non
577 3543 726 3617 Mithrae
752 3545 891 3618 Persici.
909 3548 953 3618 Et
979 3576 1009 3620 s1
998 3549 1179 3646 plerique
1206 3529 1378 3618 Vesorum

315 3643 522 3765 interpretes
548 3636 712 3741 Mysteria
738 3661 886 3744 crepant,
906 3647 942 3719 hi
968 3675 1034 3720 non
1061 3662 1171 3720 vetera
1197 3659 1233 3718 et
1258 3640 1378 3744 genui-

314 3769 357 3819 na
385 3742 591 3841 describant,
612 3746 673 3821 sed
691 3744 844 3820 fictiones
870 3760 903 3822 et
928 3749 1056 3824 somnia
1082 3776 1141 3824 ιιι
1162 3746 1379 3823 securissime

318 3845 545 3925 effundunt
