2924 5024
318 367 353 440 in
379 366 525 439 Persona
550 362 713 437 obvoluta
738 377 773 439 et
797 374 886 436 tecta
909 359 1015 432 linteo
1040 357 1277 459 Amphiaraum
1300 363 1386 438 Va-

314 481 383 539 tem
408 462 584 556 Graecum,
611 463 645 534 in
670 463 816 536 Muliere
841 461 1057 536 decumbente
1081 458 1267 560 Eriphylen
1293 488 1384 535 esse

314 563 584 666 agnoscendam:
612 561 657 634 Et
681 562 725 636 de
750 573 843 638 morc‘
867 587 934 636 non
948 577 1052 654 recte,
1067 562 1147 660 qnia
1172 561 1238 634 hoc
1263 578 1381 660 paeto

313 667 436 740 Drama
460 689 521 736 nec
547 663 756 736 Hellenienm
774 679 847 756 est,
876 685 937 734 nec
962 661 1152 734 Etruscum:
1181 661 1228 734 At
1253 665 1286 734 si
1302 687 1381 734 me-

311 767 502 842 minerimus
528 761 702 836 Genialem
743 763 864 836 lectum
901 777 991 848 mnan
1012 781 1076 834 aas
1101 778 1177 860 mn
1205 786 1268 834 ons
1296 787 1380 835 esse

306 865 484 964 proprium
501 863 690 960 symbolum
702 865 736 941 V
731 870 835 937 eneris
850 863 1012 938 Genitalis
1025 876 1060 938 et
1076 861 1380 959 Gameliae,quam

311 966 445 1040 Etrusci
471 987 546 1042 suus
571 981 650 1050 tanat
674 964 890 1062 appellarunt
905 989 944 1060 p.
968 965 1052 1038 t08.
1074 962 1160 1036 440.
1181 963 1270 1033 Tum
1284 961 1374 1036 Ma·

310 1068 374 1138 nile
399 1087 542 1160 aequum
568 1066 756 1161 symbolum
784 1063 1025 1155 Gener-ationis,
1053 1075 1087 1135 et
1111 1085 1375 1154 aerumnarum,

311 1179 349 1238 ut
373 1190 414 1236 ex
439 1162 560 1236 Manili
573 1165 782 1257 Harmoniae,
801 1178 835 1237 et
860 1162 1054 1260 Eriphylae,
1071 1175 1106 1234 et
1131 1163 1207 1236 aliis
1234 1176 1376 1236 constat

312 1291 349 1364 p.
381 1265 441 1338 86.
471 1276 505 1334 et
530 1263 596 1338 hoc
624 1265 756 1340 Veneris
782 1289 855 1336 esse
880 1277 949 1338 tum
974 1261 1153 1354 Genitalis,
1181 1275 1252 1336 tum
1275 1259 1387 1336 ἱιιιιοὲ

241 1367 245 1376 ’
311 1365 381 1438 bris
402 1391 411 1436 ε
439 1363 477 1436 Si
502 1364 741 1440 meminerimus
758 1364 972 1438 columellam
986 1363 1261 1462 lineocepleelam
1280 1386 1378 1458 synn-

311 1465 428 1540 bnlnm
454 1489 533 1538 esse·
554 1464 796 1558 defunctorum,
813 1479 848 1538 et
864 1463 937 1536 unis
950 1461 1114 1546 defunctis
1138 1462 1281 1562 adponi,
1301 1477 1376 1542 tum

312 1565 490 1638 innumeris
516 1565 549 1636 in
574 1565 788 1638 Dramatibus
812 1563 1005 1636 funebribus
1033 1563 1189 1646 Venerem
1212 1561 1376 1662 Epitym-

287 1667 398 1737 ‘liam
424 1663 623 1748 columellae
648 1666 793 1738 innixam
818 1664 1071 1760 repraesentari.
1109 1664 1148 1736 Si
1184 1661 1377 1746 memineri-

308 1791 383 1840 mus
412 1763 550 1840 Umbras
577 1781 611 1837 et
635 1765 773 1840 Animas
797 1762 1029 1838 defunctorum
1053 1763 1155 1841 etiam
1180 1763 1215 1834 in
1241 1761 1376 1836 Graeca

312 1865 560 1964 llierograpbia
584 1867 632 1938 ita
658 1865 840 1940 obvolutas
867 1878 902 1936 et
926 1863 1097 1940 insolutas
1138 1861 1256 1934 linteis
1281 1861 1377 1944 exbi-

310 1963 386 2038 beri
406 1993 415 2038 :
443 1983 558 2060 aperte
584 1969 767 2040 sentiemus
785 1992 851 2040 nou
869 1965 1020 2062 ineptum
1035 1979 1070 2038 et
1088 1961 1251 2046 meorum,
1266 1962 1373 2036 Grae·

310 2091 425 2140 corum
451 2064 620 2162 Mythnun
643 2066 705 2140 sed
722 2066 869 2164 patrium
894 2079 929 2136 et
947 2063 1155 2165 profundum
1179 2063 1310 2158 Ilogrna
1336 2064 1375 2134 in

247 2213 254 2222 -
311 2164 456 2239 Etrusco
481 2167 638 2240 Drnmute
664 2167 860 2242 contineri:
899 2165 945 2239 Et
982 2166 1023 2236 eo
1062 2163 1211 2238 exbiberi
1236 2163 1390 2244 Parcam·

309 2267 482 2341 maximam
511 2265 666 2340 Venerem
691 2266 882 2355 Libitinam,
893 2291 979 2364 quae
995 2265 1174 2340 Hominum
1196 2259 1316 2334 Unnrn
1332 2273 1373 2332 et

309 2367 495 2439 Aninrnbus
521 2365 636 2443 locum
663 2366 776 2440 sedem
802 2379 835 2460 et
852 2363 955 2439 latum
973 2390 1068 2441 suum
1085 2363 1234 2447 declaret
1252 2377 1285 2434 et
1302 2361 1369 2432 im·

310 2483 407 2564 peret
432 2466 468 2536 in
498 2465 655 2540 Terrore.
686 2464 788 2556 Quod
814 2465 843 2538 si
870 2465 992 2548 Graeci
1016 2467 1210 2542 Adrastium
1236 2461 1384 2562 letalem

309 2592 331 2638 a
359 2567 480 2641 Venere
507 2565 750 2656 discreverunt,
778 2565 882 2665 longe
906 2568 1031 2644 rectus
1055 2580 1089 2638 et
1106 2560 1373 2650 secundumha-

311 2665 411 2744 licam
437 2667 660 2766 Theologiam
685 2665 818 2754 Etrusci
845 2663 1079 2758 confuderunt,
1108 2665 1226 2738 saltem
1241 2685 1362 2756 saepe,

311 2763 396 2841 Nam
423 2767 505 2840 baec
525 2769 605 2865 ipsa
631 2768 782 2842 Fortuna
807 2766 981 2858 Italorum,
996 2792 1094 2864 quem
1107 2758 1370 2852 Petroniusbr·

309 2862 397 2938 biter
423 2865 458 2938 in
483 2866 627 2962 Species.
657 2867 745 2940 Bell.
779 2867 875 2942 Cieil.
904 2866 1066 2946 describit
1088 2861 1373 2952 tmatieueratio-

308 2986 382 3036 uem
407 2979 442 3038 et
465 2963 548 3042 Feta
574 2967 790 3051 tribuentem.

719 3144 855 3217 Cau.
909 3142 976 3222 Ill.

334 3317 524 3390 Daemones
549 3317 773 3393 Etruscorum
801 3317 1041 3421 Psychaqoqi,
1066 3313 1335 3418 Psyclzopempi‚

720 3420 993 3520 Psyclzopleetici.

322 3525 324 3533 Ι
353 3572 389 3646 ΙΙ.
419 3575 609 3654 Daemones
619 3629 626 3645 i
637 3575 862 3676 Psyelrnqoqi.

314 3722 316 3726 -
358 3673 425 3768 Qui
451 3675 609 3753 limmata
635 3675 800 3752 Urnarurn
825 3675 1014 3755 funebrium
1030 3670 1282 3749 Etruscoruma
1299 3668 1368 3746 Gn·

160 3766 166 3782 '
230 3826 252 3844 -,
313 3777 380 3864 rio,
408 3773 630 3878 lnghiramio,
658 3775 803 3874 aliisque
829 3775 936 3858 edita,
959 3772 1185 3868 aliquarum
1211 3785 1308 3863 atque
1324 3784 1376 3842 at-

310 3877 458 3953 tentione
482 3875 639 3956 lnstrarit
664 3889 699 3946 et
724 3871 967 3961 considerauit,
995 3896 1062 3973 qua
1085 3870 1193 3946 lorma
1219 3867 1324 3963 figure
1340 3882 1375 3956 et

309 3977 411 4070 morlo
437 3974 571 4053 Etrusci
596 3973 833 4072 lliercgraphi
857 3973 1047 4054 Dneazenes
1073 3993 1156 4052 saus
1183 3970 1373 4072 Psyebone·

307 4103 366 4172 ees
391 4090 427 4155 ot
453 4076 716 4178 Psyelropcrnpos
741 4073 917 4160 finxissent
948 4084 983 4150 et
1007 4082 1311 4172 repraesentassmt
1326 4069 1370 4148 s't-
