2924 5024
413 299 486 367 utu
1054 359 1057 366 .

360 390 441 470 rium
468 397 539 466 tteo
566 394 677 466 intime
694 385 951 468 oonimisoantes.
967 389 1068 486 Quod
1082 403 1153 470 non
1166 393 1410 492 metaphysica

361 512 485 567 tanturn
511 507 684 588 conceptu,
704 493 879 572 sedetiam
903 489 1043 590 physice
1066 496 1203 567 faciunt.
1233 493 1318 566 Nam
1346 495 1406 563 at'·

363 596 489 666 firmant
513 591 596 664 hune
636 593 770 662 'ferram
812 607 956 664 nostram
992 619 1066 664 esse
1103 595 1138 664 in
1177 595 1257 690 ipso
1289 605 1408 664 centro

362 693 563 768 Mamertini
586 691 649 776 sui,
677 704 711 761 et
735 691 872 762 Caelum
897 703 931 762 et
956 691 1117 766 Mundum
1143 693 1309 790 tentigine¹
1338 716 1406 786 pe-

363 793 454 866 renni
496 791 583 862 cirea
611 791 780 860 Tenesne
817 803 961 862 centrum
998 795 1083 863 uerti
1122 805 1155 862 et
1188 791 1405 886 'circumagit

363 892 460 966 Unde
486 907 553 960 tum
577 889 776 960 necessarius
803 893 1095 988 Plzysiatltrismas,
1115 904 1183 962 tum
1208 890 1411 962 Fataliemus

362 987 533 1064 absolutus
558 987 607 1059 eis
632 987 749 1076 oritur,
777 1002 811 1061 et
835 989 1059 1063 constituitur.

414 1091 515 1160 Snur.
544 1087 591 1180 li·
618 1087 813 1160 indicamur
835 1096 977 1160 rationes
1003 1107 1032 1161 rt
1058 1089 1224 1177 Monadi,
1238 1115 1304 1186 per
1326 1115 1410 1186 quas

366 1183 656 1260 Proto-Pantheum
680 1185 885 1260 Noaclricam
924 1203 953 1258 at
982 1171 1241 1262 Proto-ilistoria
1285 1187 1410 1257 Mundi

362 1295 487 1386 possint
514 1293 548 1357 ia
573 1289 669 1356 turm
694 1285 842 1359 Pantheo
867 1285 997 1359 Portica
1022 1303 1052 1359 et
1076 1289 1231 1390 Mytltica
1249 1294 1410 1377 transfor-

365 1391 449 1459 man'
473 1403 503 1456 et
529 1391 679 1456 converti.

421 1489 454 1560 1,
488 1485 744 1584 Typomerismas
768 1485 944 1577 Ponticam
970 1477 1167 1578 Morientis,
1195 1484 1407 1574 Fratriacus,

365 1583 538 1658 ‘Sororiast
567 1582 703 1654 Scilicet
728 1576 840 1655 divisio
865 1610 899 1656 et
922 1593 1039 1676 stantia
1069 1585 1235 1687 Qyporum
1249 1586 1407 1654 Arcturo·

365 1705 440 1758 'ram
464 1686 498 1756 iu
523 1681 620 1770 duas,
648 1697 746 1772 tres,
773 1685 928 1780 pluresve
951 1699 1094 1783 partes,
1121 1684 1217 1781 quasi
1242 1683 1276 1753 in
1303 1684 1407 1753 virum

363 1796 402 1856 'ot
426 1807 570 1871 uxorem,
597 1782 631 1850 in
656 1782 768 1876 plu'res
793 1784 938 1874 Fratres,
964 1785 1019 1858 vel
1037 1784 1189 1855 Sorores.
1210 1783 1262 1854 Ito
1281 1781 1311 1852 si
1325 1781 1404 1850 Ter-

347 1887 449 1955 'tinm
475 1883 609 1980 Typum
632 1879 830 1972 Arabicum,
858 1883 991 1981 Typum
1018 1883 1252 1976 Genesim-qum
1276 1883 1311 1952 in
1339 1878 1407 1950 Ma·

370 1983 496 2056 saulum
520 1995 554 2051 et
578 1981 764 2052 Foeminam
789 1982 940 2074 dividis,
967 1979 1048 2082 pute
1073 1984 1108 2054 in
1134 1982 1280 2054 Martem
1293 1992 1329 2050 et
1351 1980 1405 2051 Ve-

368 2101 490 2170 neram,
516 2080 550 2150 in
574 2079 688 2152 Joaam
714 2096 747 2152 et
770 2082 943 2171 lunonem,
971 2085 1005 2154 in
1031 2081 1206 2154 Parandim
1238 2095 1273 2152 et
1298 2080 1407 2152 Sinam

369 2183 563 2253 elementum
587 2179 717 2272 insigne
741 2181 880 2252 habebis
905 2182 1042 2254 Paatlroi
1068 2183 1194 2254 Poa‘tici
1222 2193 1256 2249 et
1281 2178 1406 2278 Mytti-
1447 2181 1448 2186 ’

247 2345 251 2352 ,
372 2285 412 2352 ci.
443 2279 616 2349 Praeterea
641 2278 669 2347 si
695 2281 843 2352 eumdem
868 2281 954 2354 huno
979 2281 1112 2376 Typum
1150 2281 1213 2350 una
1240 2277 1409 2350 Genesim-

370 2405 446 2474 qam
471 2389 505 2448 et
531 2375 707 2448 Fatalem:
736 2393 772 2448 ut
797 2381 944 2452 Fortuna
968 2380 1098 2468 Italion,
1126 2393 1160 2452 et
1189 2378 1322 2450 Tltemt'e
1352 2378 1407 2449 Pe·

371 2477 510 2575 lasgioa:
537 2475 591 2546 Tu
615 2473 662 2546 ita
687 2475 841 2567 dividis,
880 2494 917 2550 ut
941 2481 1062 2576 Typus
1086 2477 1249 2550 Genitalis
1279 2489 1317 2548 et
1341 2475 1406 2546 [oe-
1445 2517 1447 2584 4

372 2577 519 2652 enudans
544 2575 748 2650 discernatur
772 2603 791 2648 a
815 2576 938 2666 Fasti,
964 2594 1001 2650 ut
1029 2579 1135 2654 Venas
1159 2579 1201 2650 ab
1226 2575 1398 2662 Adrastia,
1445 2593 1446 2670 p

372 2679 468 2775 quasi
494 2689 601 2747 essent
625 2677 764 2746 Sorores
778 2676 879 2746 habes
904 2679 967 2750 iarn
991 2679 1152 2760 elementa
1176 2676 1245 2748 duo
1271 2675 1407 2747 Paralia
1443 2695 1445 2756 t

380 2779 530 2848 Gattaei.
559 2774 596 2844 si
621 2775 774 2846 Animam
797 2775 932 2866 Mundi,
960 2803 1056 2876 quam
1081 2791 1115 2848 et
1139 2777 1173 2848 in
1194 2779 1312 2848 Contra
1331 2788 1364 2844 et
1378 2775 1404 2841 in
1443 2761 1444 2842 i

375 2877 574 2972 Periphea'a
616 2873 780 2970 sphaerae
822 2874 974 2948 diffusam
1016 2877 1185 2976 Theo-logi
1224 2875 1403 2946 statuebant
1441 2867 1443 2954 i

371 2975 451 3047 Vid.
481 2973 649 3046 Platonem
673 2973 707 3044 in
738 2975 866 3045 Timaeo
891 2999 927 3071 p.
955 2979 1043 3047 tto.
1073 2980 1158 3048 ἸΜ.
1194 2987 1229 3046 et
1254 2973 1400 3046 Proolun
1441 2959 1442 3014 i

371 3076 404 3145 in
435 3075 600 3144 Timaeum
625 3095 661 3167 p.
689 3075 775 3146 2t-6.
792 3075 846 3144 Tu
871 3074 905 3145 in
931 3089 998 3146 tres
1022 3076 1119 3175 quasi
1144 3075 1231 3166 loce,
1259 3088 1294 3146 et
1321 3071 1403 3143 sedes

374 3189 407 3245 et
432 3175 595 3245 Personas
619 3173 797 3270 dispesois,
826 3171 1039 3269 audiritis,
1068 3176 1264 3265 Tartarum,
1293 3173 1403 3256 Mare,

375 3275 540 3360 Conium,
569 3286 602 3342 et
626 3299 725 3346 unum
750 3275 835 3346 adeo
864 3273 1076 3374 eumdemque
1101 3276 1248 3346 Kroaum
1272 3273 1307 3344 in
1349 3285 1405 3340 tres

272 3387 274 3396 '
374 3375 483 3446 Filios
508 3364 635 3444 dividis
660 3388 693 3444 et
717 3374 854 3470 partiris
895 3399 1010 3472 nempe
1035 3377 1243 3448 Aidoauartm
1267 3367 1404 3442 Tartari-

363 3493 476 3560 oum,
503 3469 711 3542 Posidaonem
736 3471 958 3568 Gnaeoohum,
986 3487 1020 3545 et
1042 3473 1157 3549 Joaem
1181 3471 1355 3559 Aeraeum,
1374 3480 1400 3535 et

375 3572 563 3642 ‘aethereum
587 3569 757 3644 Elementa
782 3575 882 3672 ponis
906 3573 1043 3646 Panthei
1067 3574 1197 3646 Poetioi
1221 3587 1256 3645 et
1273 3565 1406 3668 Mythiei

267 3721 270 3732 ‹
379 3669 551 3742 Hellanici.

426 3775 463 3841 2.
497 3767 753 3866 Typomerismur
782 3770 1037 3869 Genealopr'cus,
1065 3788 1096 3845 rt
1120 3773 1245 3866 filialis.
1275 3769 1359 3863 Quin
1380 3764 1404 3834 si

378 3873 470 3968 ipsos
497 3867 617 3938 Mundi
641 3869 753 3958 Vioes,
770 3869 864 3966 ⁴ipsus
877 3873 1000 3946 Terrae
1017 3885 1148 3950 nostrae
1161 3869 1399 3964 catastrophen,

380 3973 487 4063 ipsam
512 3966 787 4040 Protohistoriam
811 3969 987 4046 Hominum
1011 3977 1052 4045 e't‘
1068 3971 1189 4042 Rerum
1214 3995 1276 4068 per
1300 3969 1403 4063 <typos

380 4067 514 4143 diuinos
540 4067 691 4144 volumus
716 4067 898 4166 significare
922 4090 1020 4172 ntqne
1044 4071 1228 4172 exprimere
1254 4079 1400 4168 opportu-
