2976 5032
55 447 245 546 Pythagor&
291 441 537 536 vetustiorem3
583 441 741 524 Etruscos
770 441 976 541 antiquiores
1011 445 1114 520 fuisse

63 549 355 622 Tartaroorchieos
371 545 533 644 colligere
551 569 693 642 pronum
706 555 770 616 eut.
791 542 836 614 Et
854 543 1008 640 prolecto
1026 549 1114 620 omui

60 647 330 720 consideratione
354 645 489 742 dignum
514 661 579 734 est,
593 643 687 742 quod
703 645 844 740 ipsemet
858 643 970 735 Plato,
989 661 1027 716 ut
1042 672 1112 720 mo·

60 751 106 822 do
133 743 371 836 monebamus,
398 749 456 842 qui
484 747 518 818 in
551 745 694 832 Thraco,
722 741 877 836 esttibi,
909 743 1116 846 Pryohoplo·

58 853 151 922 nesio
176 847 369 935 aetheream,
390 862 423 917 et
439 847 565 919 animas
598 844 710 917 Stellr's
728 841 845 916 infixas
863 859 1115 943 proposuerat,

60 950 96 1018 in
122 947 294 1019 Phaedone
319 970 398 1045 pug.
431 948 517 1020 548.
544 946 578 1018 in
607 943 731 1044 Gorqia
755 968 835 1041 pag.
857 941 943 1014 371.
964 945 1050 1018 372.
1079 945 1116 1022 in

62 1049 156 1121 Libr.
177 1047 223 1121 X.
257 1047 301 1119 de
328 1044 468 1146 reputt.
497 1072 578 1144 pag.
600 1045 685 1114 672.
718 1043 1026 1116 Tortoroarchr'com
1042 1045 1115 1118 ani·

59 1173 176 1220 merum
201 1147 447 1220 revolutionem
473 1162 508 1217 et
542 1145 764 1240 Pulinqerteaiu
803 1143 1011 1216 Tortoricom
1033 1169 1115 1241 pro-

53 1249 119 1338 hat,
139 1247 239 1347 quod
255 1247 336 1351 lucit
360 1249 457 1318 etiarn
482 1245 518 1316 in
542 1243 693 1316 Aniocho
720 1243 791 1314 siue
816 1243 1003 1316 Socraticus
1030 1245 1114 1318 hes-

54 1350 193 1441 chines,
232 1349 302 1422 sive
328 1357 424 1417 uetus
450 1345 537 1418 alius
564 1341 790 1440 Philosophus
814 1345 997 1441 prgeet.
1023 1345 1112 1418 959.

54 1449 100 1520 Ut
124 1465 158 1521 et
183 1451 266 1548 ipse
292 1446 396 1544 longe
422 1445 587 1518 recentior
624 1442 813 1514 Platonicus
843 1443 1039 1518 Plutarchus
1081 1445 1117 1518 in

59 1549 182 1648 Optnso.
212 1553 259 1620 dc
285 1549 336 1619 his
361 1551 417 1646 qui
433 1575 503 1618 sero
521 1575 543 1618 a
559 1543 700 1619 Numirw
714 1549 896 1639 puniuntur
911 1545 940 1616 Ι.
963 1569 1000 1642 p.
1022 1543 1110 1619 383.

54 1649 205 1727 :tutto
244 1645 410 1743 Thespesii
432 1646 573 1719 Fabula.
601 1645 761 1716 Etruscos
786 1665 890 1738 porro
920 1643 1118 1738 Tortor-icor
1215 1715 1221 1730 ,

56 1749 240 1823 domos'et
265 1745 450 1820 Aetuuuta
481 1747 630 1844 Templo,
658 1741 845 1817 aternius
870 1743 1019 1834 cnoehat,
1036 1745 1117 1817 hni-

57 1849 177 1920 mahus
204 1848 394 1944 adsignasse
420 1873 460 1920 ex
485 1847 571 1944 ipsis
603 1845 739 1940 insuper
771 1841 907 1915 Tartari
936 1856 969 1914 et
993 1847 1117 1938 Intero-

55 1973 134 2020 rum
162 1947 420 2042 Symbolis'iem
447 1971 467 2018 a
493 1946 592 2018 nobis
618 1941 790 2030 indicetis:
822 1941 1036 2038 Gorqour‘dus,
1052 1944 1119 2018 sei-

21 2101 22 2112 .
50 2046 157 2135 licet,
188 2047 345 2135 Medusa,
376 2045 535 2147 Ghyphr‘s,
568 2046 765 2131 Cluturnum,
793 2041 1031 2143 Sphyuqibua,
1061 2044 1119 2117 Pc-

54 2151 165 2242 peris,
194 2143 358 2218 Leonibus
383 2145 494 2234 elatis,
523 2144 664 2242 aliisque
688 2144 858 2231 monstris,
880 2167 965 2240 quue
990 2141 1025 2212 io
1050 2166 1120 2216 om-

53 2246 159 2319 uibus
186 2259 221 2316 et
246 2247 281 2316 in
309 2245 448 2340 singulis
473 2245 544 2315 suis
563 2243 734 2342 sepulcris
759 2243 989 2340 adposuerunt
1007 2258 1040 2318 et
1057 2241 1120 2316 od-

54 2345 227 2418 finxernnt
253 2345 401 2436 Etrusci,
429 2344 588 2442 colligere
614 2358 647 2416 et
671 2367 810 2440 pronum
837 2359 870 2416 et
894 2343 1030 2438 heile„

105 2444 197 2548 yll.
229 2445 404 2522 Tarturr'cu
429 2445 640 2536 Etruscorum
666 2443 891 2540 Poliuqertesr'a
913 2497 924 2534 ,
947 2451 1012 2518 sive
1038 2445 1121 2518 Em·

52 2547 241 2648 psyoltoar's
261 2561 326 2644 per
343 2551 458 2644 putria
483 2561 514 2619 et
530 2549 672 2646 proprio
701 2543 956 2630 Hierodromoto
987 2551 1122 2618 deutoro-

58 2663 204 2722 stratur.
556 2703 558 2716 .
963 2697 966 2704 r

107 2747 147 2820 lo
177 2743 267 2818 Vcse
291 2746 431 2825 Clusino
456 2743 607 2839 funebri,
635 2745 727 2845 quod
752 2747 877 2822 editum
903 2746 1012 2816 estin
1039 2744 1120 2816 Μιι-

56 2875 109 2920 seo
132 2847 269 2938 Clusino
287 2847 317 2916 Ι.
340 2847 426 2918 Teb.
449 2847 509 2918 3lt.
532 2847 591 2918 35.
612 2872 692 2946 pug.
714 2849 775 2918 29.
797 2848 859 2920 30.
881 2845 1058 2920 uMienlio
1085 2845 1123 2920 in·

57 2947 211 3020 Murrum.
232 2947 312 3018 tou.
334 2948 418 3018 Ter.
439 2950 500 3018 22.
518 2962 551 3018 et
564 2948 650 3028 Touo
679 2945 746 3017 111.
763 2971 843 3044 pag.
862 2949 924 3018 2¹1.
942 2947 984 3018 uh
1001 2945 1118 3044 Ingui-

56 3048 161 3119 ramio
182 3047 220 3116 in
234 3033 320 3117 Le'rt.
339 3047 622 3120 doEu·.Erudiz.
653 3040 737 3120 Tou.
757 3045 807 3120 Χ.
828 3071 907 3144 pag.
928 3049 1011 3118 tte.
1033 3047 1116 3120 176.
1222 3129 1227 3144 ¹

56 3171 218 3244 expresso
244 3159 295 3216 est
319 3170 434 3241 magna
461 3162 494 3218 et
520 3147 678 3219 solemnis
706 3146 857 3243 Pompo,
885 3145 955 3218 siue
980 3147 1122 3244 insignis

54 3247 364 3344 processioquusi
395 3247 591 3343 nuptialis,
618 3265 651 3318 et
677 3246 816 3344 gemella
844 3272 853 3316 ε
886 3271 951 3344 qua
980 3246 1050 3318 lere
1081 3252 1115 3321 l.

53 3363 231 3443 postrema
249 3345 375 3416 incedit
400 3362 434 3418 et
458 3347 617 3444 procedit
636 3347 759 3418 Mulier
776 3347 926 3419 involuta
943 3349 1056 3446 pallio.
1069 3347 1122 3418 in-

57 3449 142 3543 genti
171 3445 278 3519 etium
305 3457 407 3541 ceput
426 3499 444 3537 ,.
464 3461 498 3516 et
522 3472 621 3544 quum
647 3447 796 3545 sequitur
822 3450 845 3518 2
877 3448 983 3521 Miles
1006 3447 1123 3544 dupli·
1235 3540 1238 3545 Ι

58 3549 84 3618 ci
107 3549 235 3620 iuncea
260 3559 420 3634 armatus,
448 3546 619 3644 praecedit
644 3571 724 3633 uero
749 3548 836 3619 nlius
863 3549 1013 3646 gladium
1037 3549 1122 3620 stri-

58 3661 141 3720 otnm
167 3651 203 3721 in
236 3669 331 3716 mono
355 3645 492 3738 hahens,
511 3647 606 3718 vultu
628 3648 728 3719 ¹tristi
745 3641 864 3744 premi
882 3649 1043 3738 distorto,-
1070 3656 1124 3739 r'cf

57 3761 108 3818 tro
134 3769 318 3820 converso.
349 3745 385 3815 3.
415 3747 510 3818 Hono
540 3748 712 3845 praecedit
742 3748 928 3821 Monstrum
953 3751 1126 3824 horribile

59 3846 202 3919 Medusa
233 3847 375 3941 integre,
405 3845 510 3944 ligore
536 3847 705 3946 Gorgonis
736 3863 810 3922 totu
837 3851 1043 3948 turpissime.
1077 3851 1122 3924 lt.
1156 3881 1160 3888 ¹·

61 3960 137 4016 ante
166 3947 236 4018 hoc
262 3947 607 4026 monstrnmrinccdit
643 3943 706 4020 Vir
739 3965 836 4030 acuta
878 3951 981 4026 harho
1023 3971 1153 4044 praev

61 4044 186 4136 ditus,
215 4057 255 4113 ut
279 4043 478 4124 Mercurius·
492 4048 526 4122 iu
551 4047 799 4120 vetustiuartia
825 4045 971 4123 Graecae
998 4049 1134 4120 Moottr·
1270 4033 1272 4050 ⁵
1312 4023 1318 4027 ὦ

63 4142 185 4219 meotis
212 4143 300 4218 solet
316 4145 449 4244 effingi,
464 4173 561 4248 quem
578 4146 723 4236 indicunt
739 4145 911 4247 praetereo
928 4147 1002 4225 ulae
1020 4159 1134 4242 quae-s
1242 4193 1245 4200 .
