2966 5022
97 509 164 580 Gur
191 521 307 586 auteur
331 506 486 580 Hercules
511 502 581 576 lma
614 502 756 576 lunonis
794 498 999 600 appetiverit
1037 502 1160 576 clarius

98 635 140 680 er
164 611 274 682 Mart.
303 607 444 703 Capella
469 603 565 676 Libr.
594 603 625 676 l.
655 609 695 676 de
721 601 827 700 Napt.
844 627 882 700 p.
899 603 937 674 9.
965 615 1000 676 et
1028 605 1087 674 ll.
1107 628 1162 676 ar.

99 711 251 807 guimas,
279 709 410 780 scilieet
433 718 470 774 nt
496 719 594 778 nutus
618 719 722 776 matre
746 703 880 776 mortali
894 700 1017 798 plenae
1027 701 1164 776 immor-

101 809 247 882 talitatis
272 807 363 878 lieret
387 830 524 903 capax:
554 803 599 874 Et
624 819 802 902 propterea
840 802 952 900 palam
977 815 1029 872 cst
1054 801 1163 876 Junc-

102 935 179 980 ncm
203 910 374 980 hanc-non
401 931 475 979 esse
500 903 836 976 Hellenicamsfilium
860 903 940 976 mali
954 901 1074 993 llroni,
1093 917 1163 978 ste-

101 1009 201 1082 rilem
226 1023 260 1080 et
283 1007 441 1094 invidam,
462 1005 522 1076 sed
541 1018 593 1076 est
609 1004 698 1079 Juaro
721 1007 893 1090 Cadmiae,
920 1003 1068 1075 Fortuna
1092 1029 1162 1082 ma·

100 1110 204 1196 xima,
232 1121 266 1178 et
289 1107 398 1182 Vesta
416 1105 594 1192 Italorum,
622 1131 707 1202 quae
724 1106 842 1202 ¹ipsum
867 1104 982 1176 lovem
1007 1103 1160 1200 lactant,

100 1223 155 1288 ,cst
181 1208 258 1298 lsis,
279 1233 362 1304 quae
388 1203 616 1276 Horumlacte
635 1232 698 1292 aruo¹
721 1203 938 1296 immortalem
963 1203 1163 1296 reddit30u-

100 1310 221 1405 iusque
246 1307 403 1380 Mamilla
430 1305 527 1378 lactis
553 1303 813 1378 immortalitatis
840 1303 1035 1401 Symbolum
1064 1305 1100 1380 iu
1126 1304 1160 1382 Ι-

103 1410 204 1482 sisois
231 1409 369 1504 Pompis
390 1406 592 1480 ducebatur.
736 1489 738 1492 Ι

153 1507 220 1579 Ill.
250 1510 409 1606 Hercules
430 1525 464 1584 nt
490 1511 654 1580 Adrastia
680 1504 909 1580 Moeroaoma.

151 1608 192 1680 ln
219 1609 368 1707 Speculo
394 1606 553 1696 funebri,
582 1609 677 1706 quod
703 1605 880 1696 ediderunt
909 1610 1078 1684 Bonnrota
1116 1612 1164 1684 ad

102 1711 294 1808 Dempstor:
322 1707 409 1782 Tab.
438 1711 475 1781 2.
521 1707 649 1783 Gorins
692 1731 794 1803 saepe
821 1709 853 1782 in
880 1709 1028 1806 Parerpis
1053 1711 1166 1786 Musei

103 1808 182 1882 Etr.
210 1809 357 1882 Lauzius
383 1807 508 1906 Sappio
533 1811 582 1882 ll.
612 1811 699 1883 Tan.
728 1809 799 1881 xl.
828 1808 968 1906 aliique:
996 1811 1165 1910 conspici-

103 1924 160 1982 tur
185 1909 314 1981 medius
339 1910 500 1982 Hercules
524 1937 663 1988 nancta
687 1907 886 1997 adolescens
905 1910 1094 1986 Candaules
1116 1913 1163 1986 si·

104 2009 212 2082 nistra
238 2033 332 2079 manu
357 2007 475 2094 clavae
495 2011 641 2099 innixus,
669 2007 895 2106 exspectantis
920 2007 1062 2098 habitu,
1088 2012 1164 2090 hra-

1 2189 2 2192 ,
109 2107 189 2180 chio
216 2107 335 2182 dextro
361 2110 455 2180 collo
481 2112 653 2206 proximae
678 2109 851 2196 Minervae
868 2109 1164 2186 nurnvueircuut-

108 2208 216 2297 ieoto,
245 2232 331 2306 quae
358 2209 501 2306 galeata,
528 2201 682 2301 loricata,
710 2209 868 2296 hastata,
896 2209 1033 2282 sinistra
1067 2237 1164 2286 manu

107 2307 250 2380 limbum
276 2311 379 2384 vestis
406 2335 484 2380 suae
510 2309 662 2398 adtollit,
690 2324 804 2382 stante
822 2308 865 2382 ad
889 2310 963 2382 eius
998 2309 1167 2398 dexteram

105 2407 255 2480 Muliere
280 2410 412 2508 pulcra,
439 2411 626 2508 crepidato,
654 2423 818 2508 torquata,
847 2405 1038 2504 armillata,
1066 2437 1167 2486 coro·

1 2557 2 2604 ,
104 2533 148 2580 na
170 2510 303 2582 wradiata
329 2523 430 2606 caput
455 2511 585 2604 cincta,
614 2523 756 2582 ceterum
780 2535 918 2608 prorsus
944 2507 1054 2603 nuda,
1083 2515 1170 2592 sini·
1255 2526 1259 2534 '

110 2617 182 2678 stra
208 2611 417 2706 ampullam,
446 2607 562 2684 dextra
588 2611 760 2708 graphium
799 2611 853 2682 vel
887 2610 1001 2682 stilum
1026 2615 1172 2710 scripto-

1 2707 2 2734 ³
104 2707 193 2778 rium
211 2709 347 2802 habens,
367 2710 529 2807 inscripta
554 2713 687 2784 nomine
711 2737 804 2800 aurs,
820 2711 1015 2810 plantisque
1041 2717 1169 2810 magnis

1 2817 2 2850 t
104 2805 212 2892 dubio
236 2810 356 2906 procul
382 2812 544 2909 aquaticis
571 2812 663 2884 iuxta
702 2811 897 2910 exsculptis.
935 2810 1084 2886 Tandem
1123 2817 1168 2891 ad

104 2906 271 2982 sinistram
295 2911 447 2986 Herculis
472 2925 524 2984 est
543 2911 676 2986 ¹Mulier
700 2913 902 3005 diademata,
923 2913 1080 3008 tunicata,
1095 2928 1166 2990 sto·
1191 2987 1196 2999 ,

2 3054 8 3069 .
103 3005 184 3097 lata,
213 3012 404 3108 crepidata,
419 3026 589 3110 torquata,
608 3028 642 3088 et
659 3016 786 3110 magnis
812 3013 876 3086 alia
894 3015 1069 3106 instructa,
1085 3017 1162 3100 vul,-

2 3113 3 3126 ’
105 3120 144 3177 tu
169 3111 294 3204 gravi,
322 3113 479 3186 demissis
505 3113 627 3207 oeulis,
656 3113 776 3190 dextro
803 3114 919 3188 cubito
944 3115 1101 3207 elevato,
1130 3131 1165 3190 et
1234 3107 1239 3121 ⁸

103 3205 247 3282 brachio
272 3212 409 3286 sinistro
435 3214 613 3312 imposito,
641 3239 757 3311 magna
775 3215 885 3312 gravia
903 3216 1013 3291 tristia
1029 3216 1165 3292 Herculi
1313 3277 1315 3284 .

108 3333 277 3406 exponere
304 3327 338 3384 et
362 3340 496 3402 narrare
521 3314 682 3388 ridetur:
713 3314 896 3415 Adscripta
933 3343 1018 3390 voce
1043 3338 1163 3392 arura.

103 3409 464 3488 BouarotaAddit.ad
476 3410 629 3514 Dempst.
649 3418 754 3512 pto.
778 3421 836 3490 tt.
858 3416 983 3491 Gorius
1007 3417 1042 3490 in
1067 3415 1163 3506 Mas,

104 3509 242 3585 Etrusc.
271 3513 319 3584 ll.
348 3541 385 3612 p.
405 3515 478 3586 ec
510 3517 545 3584 5.
574 3517 746 3590 Passerius
780 3518 815 3592 in
840 3517 987 3621 Symbol.
1020 3517 1162 3599 (lerion.

108 3610 208 3684 Tom.
240 3612 286 3685 ll.
316 3640 353 3712 p.
381 3616 445 3690 45.
474 3616 539 3688 lali.
568 3615 602 3690 in
629 3616 781 3714 Paratip:
802 3619 911 3716 p.23.
935 3616 1163 3714 24.Amadu-
1209 3681 1211 3688 .

105 3710 176 3784 zius
201 3714 237 3784 in
258 3715 378 3790 lexic.
406 3717 543 3790 Etmsc.
565 3717 609 3788 Τ.
631 3715 698 3788 lll.
727 3719 848 3792 R'ctur.
877 3719 1006 3798 Passer.
1035 3750 1076 3794 ea
1096 3722 1167 3796 Va-

103 3837 151 3882 sa.
178 3837 217 3908 p.
248 3814 614 3892 mevianensis
641 3818 733 3892 Mus.
762 3789 1073 3916 Ro-ctamentft.
1095 3820 1161 3894 lV.

104 3934 140 4007 p.
171 3915 235 3988 89.
264 3917 324 3988 90.
349 3971 359 4008 ,
387 3917 499 3990 Raoul
525 3918 694 3992 Rechette
718 3921 754 3992 iu
784 3922 887 3996 Coars
912 3919 1160 4012 d’Arclrcolop.
1216 3919 1224 4004 J

7 4009 11 4041 ¹
111 4013 219 4086 4828.
248 4041 325 4114 pag.
358 4018 442 4089 t33.
470 4015 681 4117 Apotheosin
707 4021 857 4096 Herculis
882 4022 953 4098 sive
969 4021 1166 4094 solemnem
1291 4015 1295 4020 ’
1419 4015 1422 4020 “

7 4181 8 4186 ,
109 4110 258 4190 Horatiis
282 4120 506 4216 receptionem
543 4119 629 4190 inter
653 4121 745 4196 Deos
774 4119 978 4228 Olympieos
1013 4109 1165 4193 exhiberi
1294 4133 1296 4142 '

105 4227 293 4314 putarunt,
321 4221 472 4300 omnibus
499 4219 568 4294 lere
592 4221 629 4292 in
654 4245 732 4314 aare
756 4221 870 4317 tna,
902 4240 974 4290 stvc
998 4215 1167 4309 lunonem
