2924 5024
976 351 1043 420 20l

43 473 110 548 quo
121 447 155 522 in
167 447 236 520 hoc
249 445 378 522 Mundo
396 445 805 520 incessanter'rotuhuntur
818 454 852 518 et
863 443 1110 542 volvebantur,¹

2 547 3 550 ¹
41 551 111 646 ipsi
129 551 182 622 vel
202 551 377 644 quiescunt
390 550 423 618 in
441 546 575 642 Elysio,
589 545 643 617 uel
657 547 758 618 liberi
772 546 879 616 Lares
895 547 1020 620 mundo
1034 549 1102 620 lru-

41 663 154 722 natur.
176 649 367 747 Nolamque
385 648 520 746 dignum
546 659 599 718 est
626 643 764 718 Glohum
790 649 1039 742 systematicum
1066 663 1102 722 et

39 749 338 846 suspendihilcm,
359 774 425 848 quo
450 759 586 838 utuntur
611 747 838 846 hierographi
865 745 1029 821 Vesorum
1065 749 1104 822 iu

38 850 256 922 Dramatibus
282 851 357 922 suis
374 875 440 919 nou
467 872 541 920 esse
558 859 680 918 tentum
693 849 837 921 similem
849 844 964 918 Gloho
978 849 1100 922 Hiero·

37 949 203 1046 glyphieo
230 948 498 1052 Aegyptiorum,
527 947 586 1019 scd
611 947 678 1020 fere
703 947 903 1038 identicnm,
931 961 965 1020 et
990 949 1107 1049 ipsum

37 1075 135 1147 quem
163 1075 225 1122 nos
247 1051 487 1150 ‘descripsimus
514 1061 548 1119 et
573 1049 813 1146 explicavimus
833 1047 877 1121 ad
895 1048 1015 1122 Tacit.
1032 1049 1103 1122 Re-

39 1151 340 1222 erttaaamhssilll.
370 1175 451 1249 pag.
484 1151 543 1220 l8.
574 1149 634 1220 80.

55 1309 57 1318 .
82 1249 126 1322 V.
162 1248 315 1346 Quinto,
344 1255 422 1351 qaia
443 1251 590 1348 plurima
614 1252 782 1321 Dramata
806 1250 976 1322 Bacchica
1001 1247 1100 1338 Vasio

38 1355 174 1447 adpicta
199 1353 354 1422 habenda
380 1365 455 1422 suat
480 1351 627 1452 symbola
652 1355 765 1448 quietis
792 1351 986 1424 Animarum
1012 1349 1100 1456 llly-

38 1459 105 1524 sz'ac
132 1477 209 1522 cum
235 1451 371 1524 Bacche
403 1452 552 1521 Cabirico
580 1449 625 1522 El
651 1456 709 1522 sic.
976 1481 979 1490 ’
1105 1461 1108 1469 “

88 1555 121 1621 l.
140 1547 233 1622 Nam
249 1553 405 1638 Bacchus
428 1552 595 1624 Cabirieas
615 1476 775 1626 lasarum
792 1549 953 1624 Pictorum
967 1549 1102 1625 omnino

46 1653 230 1722 Chthonius
248 1667 348 1749 atque
374 1651 510 1756 Elysias
528 1665 605 1742 est,
625 1654 767 1724 ‚omniuo
793 1652 1024 1724 Necroeratcr:
1054 1651 1104 1723 Ut

39 1751 442 1844 BeecehasEtruscorum,
469 1767 507 1824 ut
533 1753 661 1824 Adonis
687 1751 903 1842 Phoenicum,
933 1765 969 1822 ut
999 1749 1103 1826 Osiris

36 1850 244 1948 Aegyptius,
265 1853 540 1952 quemadmodum
560 1851 714 1948 superius
741 1851 978 1923 adnotabimus
994 1855 1098 1948 pat.

39 1953 121 2022 tto.
141 1950 284 2022 Scilicet
301 1953 392 2023 Deus
418 1977 492 2023 eum
509 1963 577 2049 quo
596 1953 839 2024 Deluuetorum
856 1949 992 2022 Animae
1010 1965 1099 2022 tmu-

37 2049 149 2145 quillc
177 2061 211 2120 et
236 2051 349 2147 quiete
375 2053 547 2148 degerent,
576 2065 609 2122 et
633 2051 755 2124 leuiter
780 2075 894 2122 aevum
929 2050 1100 2123 ducerent.

35 2151 155 2247 thue
181 2150 274 2222 nullu
300 2151 452 2248 Papyrus
478 2151 744 2250 Hierographiea
782 2166 817 2224 et
854 2151 1002 2224 funebris
1035 2148 1110 2222 hes

37 2248 174 2348 gyptiis
200 2253 340 2324 estsine
359 2253 535 2326 Stemmata
557 2251 700 2326 Osiridis
722 2253 895 2340 Chthonii,
909 2251 955 2322 itu
974 2252 1103 2326 nullum

35 2349 103 2421 lere
135 2347 203 2422 Vas
222 2355 404 2426 Callaicum
431 2353 555 2451 absque
581 2354 759 2426 Stemmata
780 2354 910 2430 Bacchi
934 2351 1055 2455 Elysii.

82 2455 121 2522 2.
153 2452 324 2525 Dramata
348 2455 518 2526 Bacchica
547 2453 642 2530 Vasis
667 2453 763 2528 Rara
778 2481 1011 2552 repressa—noa
1025 2469 1099 2524 susat

37 2547 169 2623 Scenae
196 2553 379 2656 Eelypieac
404 2555 681 2650 Bacchanalium,
697 2581 782 2658 quac
793 2581 857 2658 per
874 2549 974 2624 [lohes
991 2553 1109 2626 Grae-'

37 2657 109 2722 ciac
136 2669 234 2754 atquc
260 2657 380 2727 ltaliae
408 2659 657 2730 celebrarentur.
877 2681 879 2688 ·

86 2751 172 2824 Nam
216 2755 437 2840 consideratis
481 2757 596 2828 Saeuis
620 2758 824 2848 Bacchieis,
861 2777 946 2854 quae
988 2750 1102 2852 potis-

38 2849 152 2923 simum
182 2869 314 2929 servant
339 2856 476 2952 Tragici
502 2857 631 2930 Graeci
650 2859 783 2932 minime
808 2879 992 2955 congruere
1019 2867 1095 2927 'sce-

37 2950 84 3022 uis
112 2953 273 3030 Vesorum
298 2959 454 3054 cognovi:
483 2982 544 3029 nee
561 2957 742 3032 Maenadas
760 2984 837 3032 vere
854 2957 1015 3048 furentes,
1036 2979 1101 3028 uec
1149 2971 1151 2976 ’

39 3070 221 3150 serpentes,
249 3081 311 3129 nec
336 3058 460 3149 larvas,
487 3084 549 3130 nec
572 3067 750 3157 personas,
778 3085 841 3132 uec
866 3056 1109 3154 homcfagms,

41 3175 94 3223 nec
121 3152 346 3230 lacerationes
373 3184 551 3257 corporum
576 3159 758 3252 uiolentas,
778 3185 839 3230 nee
853 3159 1038 3232 horrendos
1060 3183 1100 3227 u-

40 3248 170 3348 lulatus,
191 3283 254 3331 nec
279 3259 512 3334 convulsioues
537 3260 742 3332 Baccharum
769 3260 804 3330 in
822 3259 995 3356 plerisque
1012 3259 1098 3328 Dra-

43 3353 174 3429 matlbus
200 3357 377 3430 Bacchicis
406 3359 694 3458 Vesorum-potui
712 3359 975 3464 deprehendere.
997 3351 1097 3430 hdec
1172 3437 1178 3448 Ι

46 3465 79 3520 m
101 3461 288 3531 necessario
314 3459 490 3532 tenendum
515 3461 560 3532 sit
586 3485 700 3536 scenas
728 3462 886 3536 Vesorum
903 3459 1096 3532 Bacelrieas

42 3545 136 3649 longe
161 3560 248 3632 alias
274 3583 392 3631 essea
428 3559 536 3632 scenis
572 3561 826 3633 Bacchanalium
863 3560 1091 3634 Urbanorum.

44 3647 122 3744 Quin
146 3656 180 3730 iu
206 3659 326 3738 Italiae
340 3667 485 3758 ,nostrae
510 3661 651 3734 urhihus
667 3661 908 3734 Bacchatiunes
928 3662 1095 3733 solemnes

43 3752 188 3842 publicas
213 3763 383 3833 turmatim
408 3777 442 3834 et
467 3765 660 3834 catervatim
684 3762 790 3836 lactas
834 3779 881 3834 et·
912 3763 1096 3835 celebratas

44 3870 206 3948 ltumquam
232 3888 284 3938 me
308 3861 437 3959 legisse
457 3863 621 3949 memini:
641 3863 713 3939 Nec
728 3862 937 3948 ¹coeremoniae
952 3856 1096 3934 Bacchi·

48 3967 101 4014 eae
122 3953 276 4038 Italorum
300 3963 367 4036 uisi
392 3987 542 4050 arcanae,
563 3965 596 4036 iu
614 3963 791 4062 proluutlis
810 3965 896 4034 locis
923 3975 958 4032 ct
985 3977 1095 4026 secrc-

48 4055 83 4112 20
106 4072 272 4146 peractae:
316 4079 349 4140 ct
374 4079 442 4140 tam
467 4066 572 4142 dubio
598 4063 718 4166 procul
745 4091 765 4138 a
791 4063 905 4138 Saeuis
934 4061 1096 4140 Vesorum
