<?xml version="1.0" encoding="UTF-8"?>
<!DOCTYPE html PUBLIC "-//W3C//DTD XHTML 1.0 Transitional//EN"
    "http://www.w3.org/TR/xhtml1/DTD/xhtml1-transitional.dtd">
<html xmlns="http://www.w3.org/1999/xhtml" xml:lang="en" lang="en">
 <head>
  <title>
</title>
<meta http-equiv="Content-Type" content="text/html;charset=utf-8" />
  <meta name='ocr-system' content='tesseract 3.04.00' />
  <meta name='ocr-capabilities' content='ocr_page ocr_carea ocr_par ocr_line ocrx_word'/>
</head>
<body>
  <div class='ocr_page' id='page_1' title='image "./tentaminahierog00janngoog_0065.png"; bbox 0 0 2976 5032; ppageno 0'>
   <div class='ocr_carea' id='block_1_1' title="bbox 345 441 1436 844">
    <p class='ocr_par' dir='ltr' id='par_1_1' title="bbox 345 441 1436 844">
     <span class='ocr_line' id='line_1_1' title="bbox 349 441 1436 546; baseline 0 -26"><span class='ocrx_word' id='word_1_1' title='bbox 349 447 420 539; x_wconf 86' lang='lat' dir='ltr'>liis,</span> <span class='ocrx_word' id='word_1_2' title='bbox 446 443 571 546; x_wconf 90' lang='lat' dir='ltr'>quibus</span> <span class='ocrx_word' id='word_1_3' title='bbox 596 441 688 538; x_wconf 81' lang='lat' dir='ltr'>ipsae</span> <span class='ocrx_word' id='word_1_4' title='bbox 717 443 870 516; x_wconf 83' lang='lat' dir='ltr'>veritates</span> <span class='ocrx_word' id='word_1_5' title='bbox 895 459 929 518; x_wconf 91' lang='lat' dir='ltr'>et</span> <span class='ocrx_word' id='word_1_6' title='bbox 954 445 1118 544; x_wconf 83' lang='lat' dir='ltr'>Dogmata</span> <span class='ocrx_word' id='word_1_7' title='bbox 1138 443 1360 542; x_wconf 77' lang='lat' dir='ltr'>Theologien</span> <span class='ocrx_word' id='word_1_8' title='bbox 1393 457 1436 520; x_wconf 88' lang='lat' dir='ltr'>et</span> 
     </span>
     <span class='ocr_line' id='line_1_2' title="bbox 348 541 1433 618; baseline 0 0"><span class='ocrx_word' id='word_1_9' title='bbox 348 547 568 618; x_wconf 85' lang='lat' dir='ltr'>Tbenrematu</span> <span class='ocrx_word' id='word_1_10' title='bbox 594 541 692 612; x_wconf 89' lang='lat' dir='ltr'>Sacra</span> <span class='ocrx_word' id='word_1_11' title='bbox 718 541 806 614; x_wconf 89' lang='lat' dir='ltr'>nuda</span> <span class='ocrx_word' id='word_1_12' title='bbox 832 561 866 616; x_wconf 89' lang='lat' dir='ltr'>et</span> <span class='ocrx_word' id='word_1_13' title='bbox 890 545 1062 616; x_wconf 86' lang='lat' dir='ltr'>manifesta</span> <span class='ocrx_word' id='word_1_14' title='bbox 1087 545 1332 618; x_wconf 74' lang='lat' dir='ltr'>tradunturet</span> <span class='ocrx_word' id='word_1_15' title='bbox 1363 571 1433 618; x_wconf 87' lang='lat' dir='ltr'>ex·</span> 
     </span>
     <span class='ocr_line' id='line_1_3' title="bbox 346 643 1431 748; baseline -0.001 -30"><span class='ocrx_word' id='word_1_16' title='bbox 346 647 527 746; x_wconf 83' lang='lat' dir='ltr'>plicantur.</span> <span class='ocrx_word' id='word_1_17' title='bbox 557 643 690 740; x_wconf 89' lang='lat' dir='ltr'>Populo</span> <span class='ocrx_word' id='word_1_18' title='bbox 715 655 824 714; x_wconf 85' lang='lat' dir='ltr'>autern</span> <span class='ocrx_word' id='word_1_19' title='bbox 850 659 884 716; x_wconf 93' lang='lat' dir='ltr'>et</span> <span class='ocrx_word' id='word_1_20' title='bbox 903 645 1008 748; x_wconf 75' lang='lat' dir='ltr'>=Plebi</span> <span class='ocrx_word' id='word_1_21' title='bbox 1031 643 1097 715; x_wconf 87' lang='lat' dir='ltr'>hnc</span> <span class='ocrx_word' id='word_1_22' title='bbox 1126 644 1163 716; x_wconf 90' lang='lat' dir='ltr'>in</span> <span class='ocrx_word' id='word_1_23' title='bbox 1179 644 1368 742; x_wconf 82' lang='lat' dir='ltr'>Regimine</span> <span class='ocrx_word' id='word_1_24' title='bbox 1389 671 1431 717; x_wconf 86' lang='lat' dir='ltr'>a·</span> 
     </span>
     <span class='ocr_line' id='line_1_4' title="bbox 345 741 1428 844; baseline -0.002 -26"><span class='ocrx_word' id='word_1_25' title='bbox 345 769 447 844; x_wconf 90' lang='lat' dir='ltr'>spero</span> <span class='ocrx_word' id='word_1_26' title='bbox 474 757 508 815; x_wconf 90' lang='lat' dir='ltr'>et</span> <span class='ocrx_word' id='word_1_27' title='bbox 532 765 646 814; x_wconf 84' lang='lat' dir='ltr'>severo</span> <span class='ocrx_word' id='word_1_28' title='bbox 664 765 725 812; x_wconf 89' lang='lat' dir='ltr'>nec</span> <span class='ocrx_word' id='word_1_29' title='bbox 744 742 908 840; x_wconf 76' lang='lat' dir='ltr'>Dogmata</span> <span class='ocrx_word' id='word_1_30' title='bbox 926 745 1015 843; x_wconf 86' lang='lat' dir='ltr'>ipsa,</span> <span class='ocrx_word' id='word_1_31' title='bbox 1037 767 1097 815; x_wconf 89' lang='lat' dir='ltr'>nec</span> <span class='ocrx_word' id='word_1_32' title='bbox 1114 741 1263 816; x_wconf 86' lang='lat' dir='ltr'>Fabulae</span> <span class='ocrx_word' id='word_1_33' title='bbox 1278 745 1428 840; x_wconf 81' lang='lat' dir='ltr'>Mythi-</span> 
     </span>
    </p>
   </div>
   <div class='ocr_carea' id='block_1_2' title="bbox 188 838 1472 4134">
    <p class='ocr_par' dir='ltr' id='par_1_2' title="bbox 188 838 1472 2236">
     <span class='ocr_line' id='line_1_5' title="bbox 345 838 1432 934; baseline -0.003 -16"><span class='ocrx_word' id='word_1_34' title='bbox 345 869 405 918; x_wconf 89' lang='lat' dir='ltr'>cae</span> <span class='ocrx_word' id='word_1_35' title='bbox 416 855 451 914; x_wconf 88' lang='lat' dir='ltr'>et</span> <span class='ocrx_word' id='word_1_36' title='bbox 462 841 617 916; x_wconf 80' lang='lat' dir='ltr'><strong>Poeticae</strong></span> <span class='ocrx_word' id='word_1_37' title='bbox 629 841 803 914; x_wconf 86' lang='lat' dir='ltr'>traduntur</span> <span class='ocrx_word' id='word_1_38' title='bbox 816 858 851 914; x_wconf 90' lang='lat' dir='ltr'>et</span> <span class='ocrx_word' id='word_1_39' title='bbox 863 845 1156 934; x_wconf 78' lang='lat' dir='ltr'>communicantur,</span> <span class='ocrx_word' id='word_1_40' title='bbox 1166 838 1226 915; x_wconf 89' lang='lat' dir='ltr'>sed</span> <span class='ocrx_word' id='word_1_41' title='bbox 1240 843 1275 913; x_wconf 85' lang='lat' dir='ltr'>bi</span> <span class='ocrx_word' id='word_1_42' title='bbox 1288 845 1432 917; x_wconf 79' lang='lat' dir='ltr'>adsunt</span> 
     </span>
     <span class='ocr_line' id='line_1_6' title="bbox 344 941 1429 1038; baseline 0 -21"><span class='ocrx_word' id='word_1_43' title='bbox 344 955 473 1018; x_wconf 86' lang='lat' dir='ltr'>tantum</span> <span class='ocrx_word' id='word_1_44' title='bbox 499 941 634 1038; x_wconf 87' lang='lat' dir='ltr'>Pompis</span> <span class='ocrx_word' id='word_1_45' title='bbox 660 941 763 1012; x_wconf 88' lang='lat' dir='ltr'>sacris</span> <span class='ocrx_word' id='word_1_46' title='bbox 780 952 838 1012; x_wconf 84' lang='lat' dir='ltr'>et·</span> <span class='ocrx_word' id='word_1_47' title='bbox 852 943 1053 1016; x_wconf 80' lang='lat' dir='ltr'>ceremoniis</span> <span class='ocrx_word' id='word_1_48' title='bbox 1082 944 1197 1014; x_wconf 87' lang='lat' dir='ltr'>mutis.</span> <span class='ocrx_word' id='word_1_49' title='bbox 1226 943 1329 1014; x_wconf 87' lang='lat' dir='ltr'>Unde</span> <span class='ocrx_word' id='word_1_50' title='bbox 1367 969 1429 1018; x_wconf 89' lang='lat' dir='ltr'>re·</span> 
     </span>
     <span class='ocr_line' id='line_1_7' title="bbox 344 1039 1430 1138; baseline -0.002 -22"><span class='ocrx_word' id='word_1_51' title='bbox 344 1068 423 1118; x_wconf 79' lang='lat' dir='ltr'>vcra</span> <span class='ocrx_word' id='word_1_52' title='bbox 448 1054 543 1116; x_wconf 87' lang='lat' dir='ltr'>ortus</span> <span class='ocrx_word' id='word_1_53' title='bbox 568 1063 640 1110; x_wconf 89' lang='lat' dir='ltr'>mos</span> <span class='ocrx_word' id='word_1_54' title='bbox 664 1039 825 1111; x_wconf 87' lang='lat' dir='ltr'>Etruscus</span> <span class='ocrx_word' id='word_1_55' title='bbox 851 1044 1021 1116; x_wconf 80' lang='lat' dir='ltr'>Ludurram</span> <span class='ocrx_word' id='word_1_56' title='bbox 1042 1040 1363 1138; x_wconf 68' lang='lat' dir='ltr'>Pantomimu&#39;coram</span> <span class='ocrx_word' id='word_1_57' title='bbox 1393 1057 1430 1114; x_wconf 87' lang='lat' dir='ltr'>et</span> 
     </span>
     <span class='ocr_line' id='line_1_8' title="bbox 346 1139 1427 1240; baseline 0 -25"><span class='ocrx_word' id='word_1_58' title='bbox 346 1157 522 1217; x_wconf 70' lang='lat' dir='ltr'>armorum.</span> <span class='ocrx_word' id='word_1_59' title='bbox 550 1139 767 1232; x_wconf 82' lang='lat' dir='ltr'>Quamobrem</span> <span class='ocrx_word' id='word_1_60' title='bbox 793 1141 947 1238; x_wconf 86' lang='lat' dir='ltr'>Systema</span> <span class='ocrx_word' id='word_1_61' title='bbox 974 1157 1008 1214; x_wconf 92' lang='lat' dir='ltr'>et</span> <span class='ocrx_word' id='word_1_62' title='bbox 1032 1143 1174 1240; x_wconf 88' lang='lat' dir='ltr'>Corpus</span> <span class='ocrx_word' id='word_1_63' title='bbox 1199 1142 1337 1238; x_wconf 84' lang='lat' dir='ltr'>insigne</span> <span class='ocrx_word' id='word_1_64' title='bbox 1355 1143 1427 1215; x_wconf 86' lang='lat' dir='ltr'>Fa·</span> 
     </span>
     <span class='ocr_line' id='line_1_9' title="bbox 188 1239 1472 1341; baseline 0 -27"><span class='ocrx_word' id='word_1_65' title='bbox 188 1263 193 1272; x_wconf 90' lang='lat'><strong>·</strong></span> <span class='ocrx_word' id='word_1_66' title='bbox 304 1239 307 1246; x_wconf 79' lang='grc'>’</span> <span class='ocrx_word' id='word_1_67' title='bbox 345 1242 498 1315; x_wconf 81' lang='lat' dir='ltr'>bolarum</span> <span class='ocrx_word' id='word_1_68' title='bbox 517 1239 687 1312; x_wconf 84' lang='lat' dir='ltr'>Sacrorum</span> <span class='ocrx_word' id='word_1_69' title='bbox 704 1253 738 1312; x_wconf 91' lang='lat' dir='ltr'>et</span> <span class='ocrx_word' id='word_1_70' title='bbox 757 1240 979 1337; x_wconf 84' lang='lat' dir='ltr'>lllythiearnm</span> <span class='ocrx_word' id='word_1_71' title='bbox 997 1242 1118 1331; x_wconf 87' lang='lat' dir='ltr'>condi,</span> <span class='ocrx_word' id='word_1_72' title='bbox 1133 1241 1300 1341; x_wconf 68' lang='lat' dir='ltr'>territari,</span> <span class='ocrx_word' id='word_1_73' title='bbox 1321 1267 1427 1316; x_wconf 88' lang='lat' dir='ltr'>eom·</span> <span class='ocrx_word' id='word_1_74' title='bbox 1471 1309 1472 1338; x_wconf 58' lang='lat'>,</span> 
     </span>
     <span class='ocr_line' id='line_1_10' title="bbox 345 1337 1472 1441; baseline -0.004 -25"><span class='ocrx_word' id='word_1_75' title='bbox 345 1342 442 1441; x_wconf 91' lang='lat' dir='ltr'>poni,</span> <span class='ocrx_word' id='word_1_76' title='bbox 470 1339 608 1429; x_wconf 88' lang='lat' dir='ltr'>servari,</span> <span class='ocrx_word' id='word_1_77' title='bbox 624 1337 802 1432; x_wconf 89' lang='lat' dir='ltr'>custodiri,</span> <span class='ocrx_word' id='word_1_78' title='bbox 821 1341 975 1414; x_wconf 80' lang='lat' dir='ltr'>adhiberi</span> <span class='ocrx_word' id='word_1_79' title='bbox 1001 1341 1045 1413; x_wconf 89' lang='lat' dir='ltr'>ab</span> <span class='ocrx_word' id='word_1_80' title='bbox 1072 1341 1271 1416; x_wconf 85' lang='lat' dir='ltr'>huiusmodi</span> <span class='ocrx_word' id='word_1_81' title='bbox 1295 1341 1422 1414; x_wconf 87' lang='lat' dir='ltr'>Gnlle-</span> <span class='ocrx_word' id='word_1_82' title='bbox 1471 1369 1472 1436; x_wconf 60' lang='lat' dir='ltr'>t</span> 
     </span>
     <span class='ocr_line' id='line_1_11' title="bbox 266 1435 1472 1542; baseline 0 -29"><span class='ocrx_word' id='word_1_83' title='bbox 266 1437 269 1444; x_wconf 74' lang='grc'><strong>’</strong></span> <span class='ocrx_word' id='word_1_84' title='bbox 347 1442 416 1542; x_wconf 83' lang='lat' dir='ltr'>giis</span> <span class='ocrx_word' id='word_1_85' title='bbox 441 1435 711 1512; x_wconf 79' lang='lat' dir='ltr'>sacerdotalibus</span> <span class='ocrx_word' id='word_1_86' title='bbox 724 1439 770 1512; x_wconf 85' lang='lat' dir='ltr'>¹et</span> <span class='ocrx_word' id='word_1_87' title='bbox 794 1441 1233 1542; x_wconf 83' lang='lat' dir='ltr'>militaribus-impossibile</span> <span class='ocrx_word' id='word_1_88' title='bbox 1258 1456 1327 1514; x_wconf 88' lang='lat' dir='ltr'>est.</span> <span class='ocrx_word' id='word_1_89' title='bbox 1471 1437 1472 1464; x_wconf 67' lang='lat'><em>³</em></span> 
     </span>
     <span class='ocr_line' id='line_1_12' title="bbox 396 1538 1423 1638; baseline -0.002 -26"><span class='ocrx_word' id='word_1_90' title='bbox 396 1543 434 1612; x_wconf 72' lang='lat'>2.</span> <span class='ocrx_word' id='word_1_91' title='bbox 462 1538 629 1628; x_wconf 90' lang='lat' dir='ltr'>Secundo,</span> <span class='ocrx_word' id='word_1_92' title='bbox 657 1538 886 1638; x_wconf 88' lang='lat' dir='ltr'>quianullum</span> <span class='ocrx_word' id='word_1_93' title='bbox 912 1542 1267 1638; x_wconf 80' lang='lat' dir='ltr'>systemaMytbicum</span> <span class='ocrx_word' id='word_1_94' title='bbox 1295 1545 1423 1638; x_wconf 81' lang='lat' dir='ltr'>potest</span> 
     </span>
     <span class='ocr_line' id='line_1_13' title="bbox 347 1639 1419 1740; baseline -0.002 -26"><span class='ocrx_word' id='word_1_95' title='bbox 347 1639 449 1715; x_wconf 90' lang='lat' dir='ltr'>condi</span> <span class='ocrx_word' id='word_1_96' title='bbox 473 1652 508 1712; x_wconf 89' lang='lat' dir='ltr'>et</span> <span class='ocrx_word' id='word_1_97' title='bbox 532 1639 656 1712; x_wconf 88' lang='lat' dir='ltr'>serrari</span> <span class='ocrx_word' id='word_1_98' title='bbox 681 1639 806 1736; x_wconf 85' lang='lat' dir='ltr'>absque</span> <span class='ocrx_word' id='word_1_99' title='bbox 830 1640 1044 1713; x_wconf 77' lang='lat' dir='ltr'>Bibliotheca</span> <span class='ocrx_word' id='word_1_100' title='bbox 1068 1642 1231 1740; x_wconf 78' lang='lat' dir='ltr'>Populati</span> <span class='ocrx_word' id='word_1_101' title='bbox 1256 1655 1292 1714; x_wconf 85' lang='lat' dir='ltr'>et</span> <span class='ocrx_word' id='word_1_102' title='bbox 1319 1665 1419 1713; x_wconf 91' lang='lat' dir='ltr'>com-</span> 
     </span>
     <span class='ocr_line' id='line_1_14' title="bbox 343 1738 1419 1840; baseline -0.005 -25"><span class='ocrx_word' id='word_1_103' title='bbox 343 1739 466 1832; x_wconf 87' lang='lat' dir='ltr'>muni,</span> <span class='ocrx_word' id='word_1_104' title='bbox 498 1764 565 1840; x_wconf 89' lang='lat' dir='ltr'>qna</span> <span class='ocrx_word' id='word_1_105' title='bbox 589 1738 723 1811; x_wconf 85' lang='lat' dir='ltr'>Etrusci</span> <span class='ocrx_word' id='word_1_106' title='bbox 739 1753 957 1830; x_wconf 81' lang='lat' dir='ltr'>&#39;caruerunt,</span> <span class='ocrx_word' id='word_1_107' title='bbox 989 1755 1026 1812; x_wconf 91' lang='lat' dir='ltr'>nt</span> <span class='ocrx_word' id='word_1_108' title='bbox 1055 1741 1252 1816; x_wconf 87' lang='lat' dir='ltr'>adnotatum</span> <span class='ocrx_word' id='word_1_109' title='bbox 1287 1756 1348 1814; x_wconf 87' lang='lat' dir='ltr'>est</span> <span class='ocrx_word' id='word_1_110' title='bbox 1383 1740 1419 1811; x_wconf 92' lang='lat' dir='ltr'>in</span> 
     </span>
     <span class='ocr_line' id='line_1_15' title="bbox 341 1835 1415 1943; baseline -0.001 -31"><span class='ocrx_word' id='word_1_111' title='bbox 341 1841 500 1912; x_wconf 74' lang='lat' dir='ltr'>Tantam.</span> <span class='ocrx_word' id='word_1_112' title='bbox 517 1835 627 1912; x_wconf 82' lang='lat' dir='ltr'>Herna.</span> <span class='ocrx_word' id='word_1_113' title='bbox 645 1839 780 1914; x_wconf 76' lang='lat' dir='ltr'>Errare.</span> <span class='ocrx_word' id='word_1_114' title='bbox 797 1839 1071 1943; x_wconf 54' lang='lat' dir='ltr'>pugnatam.</span> <span class='ocrx_word' id='word_1_115' title='bbox 1093 1840 1233 1914; x_wconf 86' lang='lat' dir='ltr'>Nullum</span> <span class='ocrx_word' id='word_1_116' title='bbox 1256 1841 1415 1937; x_wconf 87' lang='lat' dir='ltr'>Systema</span> 
     </span>
     <span class='ocr_line' id='line_1_16' title="bbox 296 1939 1421 2038; baseline -0.002 -26"><span class='ocrx_word' id='word_1_117' title='bbox 296 1983 297 1987; x_wconf 60' lang='lat'><em>=</em></span> <span class='ocrx_word' id='word_1_118' title='bbox 346 1939 533 2037; x_wconf 87' lang='lat' dir='ltr'>Mythicum</span> <span class='ocrx_word' id='word_1_119' title='bbox 557 1939 672 2013; x_wconf 89' lang='lat' dir='ltr'>baberi</span> <span class='ocrx_word' id='word_1_120' title='bbox 697 1953 810 2038; x_wconf 89' lang='lat' dir='ltr'>potest</span> <span class='ocrx_word' id='word_1_121' title='bbox 834 1940 898 2012; x_wconf 88' lang='lat' dir='ltr'>nisi</span> <span class='ocrx_word' id='word_1_122' title='bbox 923 1940 1085 2012; x_wconf 89' lang='lat' dir='ltr'>innumeri</span> <span class='ocrx_word' id='word_1_123' title='bbox 1112 1943 1265 2015; x_wconf 85' lang='lat' dir='ltr'>Deorum</span> <span class='ocrx_word' id='word_1_124' title='bbox 1282 1939 1421 2038; x_wconf 85' lang='lat' dir='ltr'>Hymni</span> 
     </span>
     <span class='ocr_line' id='line_1_17' title="bbox 341 2037 1419 2138; baseline -0.003 -24"><span class='ocrx_word' id='word_1_125' title='bbox 341 2049 381 2114; x_wconf 88' lang='lat' dir='ltr'>ot</span> <span class='ocrx_word' id='word_1_126' title='bbox 397 2037 491 2115; x_wconf 89' lang='lat' dir='ltr'>Odae</span> <span class='ocrx_word' id='word_1_127' title='bbox 516 2055 671 2114; x_wconf 87' lang='lat' dir='ltr'>canantur</span> <span class='ocrx_word' id='word_1_128' title='bbox 695 2039 741 2112; x_wconf 88' lang='lat' dir='ltr'>ad</span> <span class='ocrx_word' id='word_1_129' title='bbox 758 2039 936 2138; x_wconf 89' lang='lat' dir='ltr'>Populum,</span> <span class='ocrx_word' id='word_1_130' title='bbox 956 2039 1021 2114; x_wconf 88' lang='lat' dir='ltr'>nisi</span> <span class='ocrx_word' id='word_1_131' title='bbox 1037 2040 1182 2138; x_wconf 87' lang='lat' dir='ltr'>plurima</span> <span class='ocrx_word' id='word_1_132' title='bbox 1206 2042 1308 2112; x_wconf 85' lang='lat' dir='ltr'>Sacra</span> <span class='ocrx_word' id='word_1_133' title='bbox 1326 2042 1419 2112; x_wconf 86' lang='lat' dir='ltr'>Gar·</span> 
     </span>
     <span class='ocr_line' id='line_1_18' title="bbox 227 2138 1416 2236; baseline 0.001 -27"><span class='ocrx_word' id='word_1_134' title='bbox 227 2196 234 2209; x_wconf 90' lang='lat'><strong>.</strong></span> <span class='ocrx_word' id='word_1_135' title='bbox 346 2140 445 2234; x_wconf 89' lang='lat' dir='ltr'>mina,</span> <span class='ocrx_word' id='word_1_136' title='bbox 472 2139 538 2212; x_wconf 89' lang='lat' dir='ltr'>nisi</span> <span class='ocrx_word' id='word_1_137' title='bbox 563 2139 706 2236; x_wconf 87' lang='lat' dir='ltr'>plurima</span> <span class='ocrx_word' id='word_1_138' title='bbox 730 2138 897 2213; x_wconf 82' lang='lat' dir='ltr'>Po&#39;e&#39;mata</span> <span class='ocrx_word' id='word_1_139' title='bbox 911 2139 1023 2214; x_wconf 79' lang='lat' dir='ltr'>divina</span> <span class='ocrx_word' id='word_1_140' title='bbox 1048 2141 1237 2214; x_wconf 73' lang='lat' dir='ltr'>recitentur</span> <span class='ocrx_word' id='word_1_141' title='bbox 1263 2139 1307 2212; x_wconf 88' lang='lat' dir='ltr'>ad</span> <span class='ocrx_word' id='word_1_142' title='bbox 1332 2141 1416 2211; x_wconf 92' lang='lat' dir='ltr'>Ple·</span> 
     </span>
    </p>

    <p class='ocr_par' dir='ltr' id='par_1_3' title="bbox 267 2237 1418 2538">
     <span class='ocr_line' id='line_1_19' title="bbox 267 2237 1418 2338; baseline -0.003 -28"><span class='ocrx_word' id='word_1_143' title='bbox 267 2250 270 2268; x_wconf 87' lang='lat'>&#39;</span> <span class='ocrx_word' id='word_1_144' title='bbox 346 2239 436 2330; x_wconf 81' lang='lat' dir='ltr'>bem,</span> <span class='ocrx_word' id='word_1_145' title='bbox 463 2252 499 2308; x_wconf 90' lang='lat' dir='ltr'>et</span> <span class='ocrx_word' id='word_1_146' title='bbox 522 2239 563 2306; x_wconf 91' lang='lat' dir='ltr'>ab</span> <span class='ocrx_word' id='word_1_147' title='bbox 588 2262 627 2308; x_wconf 88' lang='lat' dir='ltr'>ea</span> <span class='ocrx_word' id='word_1_148' title='bbox 651 2237 854 2335; x_wconf 89' lang='lat' dir='ltr'>recipiantur</span> <span class='ocrx_word' id='word_1_149' title='bbox 878 2253 913 2312; x_wconf 87' lang='lat' dir='ltr'>et</span> <span class='ocrx_word' id='word_1_150' title='bbox 938 2241 1161 2338; x_wconf 87' lang='lat' dir='ltr'>adoptentur.</span> <span class='ocrx_word' id='word_1_151' title='bbox 1190 2241 1291 2336; x_wconf 79' lang='lat' dir='ltr'>Atqui</span> <span class='ocrx_word' id='word_1_152' title='bbox 1326 2237 1418 2312; x_wconf 89' lang='lat' dir='ltr'>libri</span> 
     </span>
     <span class='ocr_line' id='line_1_20' title="bbox 335 2336 1417 2435; baseline 0.002 -27"><span class='ocrx_word' id='word_1_153' title='bbox 335 2336 564 2408; x_wconf 75' lang='lat' dir='ltr'>-Ennscorum</span> <span class='ocrx_word' id='word_1_154' title='bbox 588 2361 700 2408; x_wconf 88' lang='lat' dir='ltr'>omnes</span> <span class='ocrx_word' id='word_1_155' title='bbox 726 2339 837 2411; x_wconf 91' lang='lat' dir='ltr'>arcani</span> <span class='ocrx_word' id='word_1_156' title='bbox 863 2353 896 2412; x_wconf 88' lang='lat' dir='ltr'>et</span> <span class='ocrx_word' id='word_1_157' title='bbox 915 2339 1263 2435; x_wconf 82' lang='lat' dir='ltr'>incommunicabiles,</span> <span class='ocrx_word' id='word_1_158' title='bbox 1280 2340 1417 2414; x_wconf 89' lang='lat' dir='ltr'>nullus-</span> 
     </span>
     <span class='ocr_line' id='line_1_21' title="bbox 339 2433 959 2538; baseline 0.006 -31"><span class='ocrx_word' id='word_1_159' title='bbox 339 2456 417 2538; x_wconf 87' lang='lat' dir='ltr'>·que</span> <span class='ocrx_word' id='word_1_160' title='bbox 441 2443 482 2508; x_wconf 80' lang='lat' dir='ltr'>ex</span> <span class='ocrx_word' id='word_1_161' title='bbox 507 2433 556 2505; x_wconf 91' lang='lat' dir='ltr'>eis</span> <span class='ocrx_word' id='word_1_162' title='bbox 582 2435 847 2534; x_wconf 78' lang='lat' dir='ltr'>Mytlrologicus.</span> <span class='ocrx_word' id='word_1_163' title='bbox 954 2453 959 2493; x_wconf 57' lang='lat' dir='ltr'>f</span> 
     </span>
    </p>

    <p class='ocr_par' dir='ltr' id='par_1_4' title="bbox 335 2533 1415 3129">
     <span class='ocr_line' id='line_1_22' title="bbox 400 2533 1406 2638; baseline 0.004 -30"><span class='ocrx_word' id='word_1_164' title='bbox 400 2534 436 2608; x_wconf 88' lang='grc'>3.</span> <span class='ocrx_word' id='word_1_165' title='bbox 465 2533 599 2627; x_wconf 86' lang='lat' dir='ltr'>Tertio,</span> <span class='ocrx_word' id='word_1_166' title='bbox 613 2535 703 2633; x_wconf 28' lang='lat' dir='ltr'>,quia</span> <span class='ocrx_word' id='word_1_167' title='bbox 727 2536 821 2608; x_wconf 87' lang='lat' dir='ltr'>nulla</span> <span class='ocrx_word' id='word_1_168' title='bbox 846 2537 974 2630; x_wconf 88' lang='lat' dir='ltr'>series,</span> <span class='ocrx_word' id='word_1_169' title='bbox 993 2539 1089 2616; x_wconf 92' lang='lat' dir='ltr'>nulla</span> <span class='ocrx_word' id='word_1_170' title='bbox 1106 2539 1250 2638; x_wconf 81' lang='lat' dir='ltr'>Sylloge</span> <span class='ocrx_word' id='word_1_171' title='bbox 1263 2539 1406 2638; x_wconf 86' lang='lat' dir='ltr'>Mytbo·</span> 
     </span>
     <span class='ocr_line' id='line_1_23' title="bbox 349 2633 1412 2738; baseline -0.004 -24"><span class='ocrx_word' id='word_1_172' title='bbox 349 2662 421 2714; x_wconf 86' lang='lat' dir='ltr'>rum</span> <span class='ocrx_word' id='word_1_173' title='bbox 444 2633 658 2709; x_wconf 86' lang='lat' dir='ltr'>Etruseorum</span> <span class='ocrx_word' id='word_1_174' title='bbox 682 2633 726 2708; x_wconf 88' lang='lat' dir='ltr'>arl</span> <span class='ocrx_word' id='word_1_175' title='bbox 752 2661 815 2708; x_wconf 88' lang='lat' dir='ltr'>nos</span> <span class='ocrx_word' id='word_1_176' title='bbox 837 2638 1000 2735; x_wconf 83' lang='lat' dir='ltr'>pervenit.</span> <span class='ocrx_word' id='word_1_177' title='bbox 1029 2636 1135 2738; x_wconf 80' lang='lat' dir='ltr'>Atqui</span> <span class='ocrx_word' id='word_1_178' title='bbox 1162 2639 1341 2716; x_wconf 81' lang='lat' dir='ltr'>siluisset</span> <span class='ocrx_word' id='word_1_179' title='bbox 1368 2639 1412 2710; x_wconf 92' lang='grc' dir='ltr'>Ε-</span> 
     </span>
     <span class='ocr_line' id='line_1_24' title="bbox 350 2733 1414 2832; baseline 0 -22"><span class='ocrx_word' id='word_1_180' title='bbox 350 2737 473 2830; x_wconf 88' lang='lat' dir='ltr'>truscis</span> <span class='ocrx_word' id='word_1_181' title='bbox 497 2737 665 2832; x_wconf 52' lang='lat' dir='ltr'>»systema</span> <span class='ocrx_word' id='word_1_182' title='bbox 707 2733 893 2832; x_wconf 88' lang='lat' dir='ltr'>Mythiounr</span> <span class='ocrx_word' id='word_1_183' title='bbox 924 2737 1071 2810; x_wconf 90' lang='lat' dir='ltr'>Patrium</span> <span class='ocrx_word' id='word_1_184' title='bbox 1109 2753 1143 2812; x_wconf 89' lang='lat' dir='ltr'>et</span> <span class='ocrx_word' id='word_1_185' title='bbox 1168 2740 1414 2815; x_wconf 90' lang='lat' dir='ltr'>idioetbnionm</span> 
     </span>
     <span class='ocr_line' id='line_1_25' title="bbox 335 2833 1415 2934; baseline 0.004 -26"><span class='ocrx_word' id='word_1_186' title='bbox 335 2835 573 2933; x_wconf 84' lang='lat' dir='ltr'>impossibile,</span> <span class='ocrx_word' id='word_1_187' title='bbox 601 2834 682 2934; x_wconf 93' lang='lat' dir='ltr'>qnin</span> <span class='ocrx_word' id='word_1_188' title='bbox 707 2833 971 2934; x_wconf 85' lang='lat' dir='ltr'>ipsimetplures</span> <span class='ocrx_word' id='word_1_189' title='bbox 990 2837 1143 2912; x_wconf 86' lang='lat' dir='ltr'>Fabulas</span> <span class='ocrx_word' id='word_1_190' title='bbox 1161 2867 1238 2914; x_wconf 87' lang='lat' dir='ltr'>snas</span> <span class='ocrx_word' id='word_1_191' title='bbox 1254 2861 1331 2914; x_wconf 87' lang='lat' dir='ltr'>non·</span> <span class='ocrx_word' id='word_1_192' title='bbox 1347 2855 1415 2912; x_wconf 83' lang='lat' dir='ltr'>tra-</span> 
     </span>
     <span class='ocr_line' id='line_1_26' title="bbox 341 2934 1415 3038; baseline 0.003 -31"><span class='ocrx_word' id='word_1_193' title='bbox 341 2934 523 3008; x_wconf 87' lang='lat' dir='ltr'>·didissent</span> <span class='ocrx_word' id='word_1_194' title='bbox 548 2948 582 3031; x_wconf 81' lang='lat' dir='ltr'>et</span> <span class='ocrx_word' id='word_1_195' title='bbox 605 2935 823 3033; x_wconf 82' lang='lat' dir='ltr'>recitassent3</span> <span class='ocrx_word' id='word_1_196' title='bbox 850 2939 1092 3036; x_wconf 68' lang='lat' dir='ltr'>impossibile„</span> <span class='ocrx_word' id='word_1_197' title='bbox 1124 2942 1207 3038; x_wconf 87' lang='lat' dir='ltr'>quin</span> <span class='ocrx_word' id='word_1_198' title='bbox 1232 2940 1357 3015; x_wconf 85' lang='lat' dir='ltr'>Graeci</span> <span class='ocrx_word' id='word_1_199' title='bbox 1382 2953 1415 3011; x_wconf 89' lang='lat' dir='ltr'>et</span> 
     </span>
     <span class='ocr_line' id='line_1_27' title="bbox 357 3033 1413 3129; baseline -0.002 -21"><span class='ocrx_word' id='word_1_200' title='bbox 357 3033 472 3108; x_wconf 83' lang='lat' dir='ltr'>Latini</span> <span class='ocrx_word' id='word_1_201' title='bbox 496 3033 691 3108; x_wconf 86' lang='lat' dir='ltr'>Fabularnm</span> <span class='ocrx_word' id='word_1_202' title='bbox 717 3035 887 3112; x_wconf 81' lang='lat' dir='ltr'>Sacrorum</span> <span class='ocrx_word' id='word_1_203' title='bbox 904 3039 1120 3129; x_wconf 80' lang='lat' dir='ltr'>amantissimi</span> <span class='ocrx_word' id='word_1_204' title='bbox 1144 3054 1178 3112; x_wconf 91' lang='lat' dir='ltr'>et</span> <span class='ocrx_word' id='word_1_205' title='bbox 1204 3041 1413 3114; x_wconf 80' lang='lat' dir='ltr'>studiosissi-</span> 
     </span>
    </p>

    <p class='ocr_par' dir='ltr' id='par_1_5' title="bbox 278 3131 1470 4134">
     <span class='ocr_line' id='line_1_28' title="bbox 278 3131 1470 3235; baseline 0.006 -28"><span class='ocrx_word' id='word_1_206' title='bbox 278 3189 281 3200; x_wconf 55' lang='grc'><strong>«</strong></span> <span class='ocrx_word' id='word_1_207' title='bbox 333 3133 401 3207; x_wconf 91' lang='lat' dir='ltr'>&#39;mi</span> <span class='ocrx_word' id='word_1_208' title='bbox 426 3157 492 3206; x_wconf 90' lang='lat' dir='ltr'>non</span> <span class='ocrx_word' id='word_1_209' title='bbox 517 3135 732 3234; x_wconf 82' lang='lat' dir='ltr'>collegissent</span> <span class='ocrx_word' id='word_1_210' title='bbox 744 3131 867 3235; x_wconf 83' lang='lat' dir='ltr'>plures</span> <span class='ocrx_word' id='word_1_211' title='bbox 879 3152 912 3210; x_wconf 92' lang='lat' dir='ltr'>ct</span> <span class='ocrx_word' id='word_1_212' title='bbox 931 3137 1159 3212; x_wconf 85' lang='lat' dir='ltr'>tradidissent.</span> <span class='ocrx_word' id='word_1_213' title='bbox 1181 3139 1280 3222; x_wconf 88' lang='lat' dir='ltr'>Quod</span> <span class='ocrx_word' id='word_1_214' title='bbox 1298 3167 1414 3214; x_wconf 80' lang='lat' dir='ltr'>exem·</span> <span class='ocrx_word' id='word_1_215' title='bbox 1469 3199 1470 3206; x_wconf 13' lang='grc' dir='ltr'><strong>κ</strong></span> 
     </span>
     <span class='ocr_line' id='line_1_29' title="bbox 296 3233 1411 3338; baseline 0.012 -35"><span class='ocrx_word' id='word_1_216' title='bbox 296 3315 298 3322; x_wconf 18' lang='lat' dir='ltr'>y</span> <span class='ocrx_word' id='word_1_217' title='bbox 354 3234 417 3332; x_wconf 91' lang='lat' dir='ltr'>plo</span> <span class='ocrx_word' id='word_1_218' title='bbox 434 3233 579 3307; x_wconf 88' lang='lat' dir='ltr'>evidenti</span> <span class='ocrx_word' id='word_1_219' title='bbox 595 3235 864 3313; x_wconf 85' lang='lat' dir='ltr'>demonstratum.</span> <span class='ocrx_word' id='word_1_220' title='bbox 882 3237 965 3312; x_wconf 85' lang='lat' dir='ltr'>Nam</span> <span class='ocrx_word' id='word_1_221' title='bbox 981 3264 1081 3312; x_wconf 91' lang='lat' dir='ltr'>unum</span> <span class='ocrx_word' id='word_1_222' title='bbox 1098 3239 1198 3338; x_wconf 89' lang='lat' dir='ltr'>plane</span> <span class='ocrx_word' id='word_1_223' title='bbox 1215 3265 1315 3313; x_wconf 88' lang='lat' dir='ltr'>unum</span> <span class='ocrx_word' id='word_1_224' title='bbox 1326 3243 1411 3337; x_wconf 82' lang='lat' dir='ltr'>My-</span> 
     </span>
     <span class='ocr_line' id='line_1_30' title="bbox 354 3335 1408 3437; baseline 0.007 -32"><span class='ocrx_word' id='word_1_225' title='bbox 354 3335 446 3408; x_wconf 90' lang='lat' dir='ltr'>thnm</span> <span class='ocrx_word' id='word_1_226' title='bbox 471 3335 609 3432; x_wconf 82' lang='lat' dir='ltr'>Tagetis</span> <span class='ocrx_word' id='word_1_227' title='bbox 623 3336 795 3410; x_wconf 86' lang='lat' dir='ltr'>Etruscum</span> <span class='ocrx_word' id='word_1_228' title='bbox 813 3339 964 3413; x_wconf 85' lang='lat' dir='ltr'>certatim</span> <span class='ocrx_word' id='word_1_229' title='bbox 988 3339 1196 3414; x_wconf 88' lang='lat' dir='ltr'>tradiderunt</span> <span class='ocrx_word' id='word_1_230' title='bbox 1221 3354 1254 3412; x_wconf 90' lang='lat' dir='ltr'>et</span> <span class='ocrx_word' id='word_1_231' title='bbox 1270 3341 1408 3437; x_wconf 88' lang='lat' dir='ltr'>praedi-</span> 
     </span>
     <span class='ocr_line' id='line_1_31' title="bbox 355 3433 1409 3532; baseline 0.008 -28"><span class='ocrx_word' id='word_1_232' title='bbox 355 3447 469 3505; x_wconf 90' lang='lat' dir='ltr'>carunt</span> <span class='ocrx_word' id='word_1_233' title='bbox 494 3434 629 3528; x_wconf 87' lang='lat' dir='ltr'>Strabo,</span> <span class='ocrx_word' id='word_1_234' title='bbox 656 3435 787 3527; x_wconf 86' lang='lat' dir='ltr'>Cicero,</span> <span class='ocrx_word' id='word_1_235' title='bbox 814 3433 972 3530; x_wconf 84' lang='lat' dir='ltr'>Ovidius,</span> <span class='ocrx_word' id='word_1_236' title='bbox 998 3440 1142 3532; x_wconf 86' lang='lat' dir='ltr'>Festus,</span> <span class='ocrx_word' id='word_1_237' title='bbox 1168 3434 1409 3531; x_wconf 79' lang='lat' dir='ltr'>Gen‘snrinus,</span> 
     </span>
     <span class='ocr_line' id='line_1_32' title="bbox 356 3532 1410 3637; baseline 0.006 -33"><span class='ocrx_word' id='word_1_238' title='bbox 356 3532 503 3626; x_wconf 87' lang='lat' dir='ltr'>Servius,</span> <span class='ocrx_word' id='word_1_239' title='bbox 530 3534 707 3626; x_wconf 79' lang='lat' dir='ltr'>Arnobius,</span> <span class='ocrx_word' id='word_1_240' title='bbox 735 3537 836 3610; x_wconf 86' lang='lat' dir='ltr'>Mart.</span> <span class='ocrx_word' id='word_1_241' title='bbox 864 3540 1018 3636; x_wconf 86' lang='lat' dir='ltr'>Capella,</span> <span class='ocrx_word' id='word_1_242' title='bbox 1045 3539 1183 3637; x_wconf 86' lang='lat' dir='ltr'>aliique.</span> <span class='ocrx_word' id='word_1_243' title='bbox 1203 3541 1304 3614; x_wconf 86' lang='lat' dir='ltr'>-Tnm</span> <span class='ocrx_word' id='word_1_244' title='bbox 1318 3543 1410 3617; x_wconf 88' lang='lat' dir='ltr'>Ver-</span> 
     </span>
     <span class='ocr_line' id='line_1_33' title="bbox 341 3629 1406 3740; baseline 0.007 -37"><span class='ocrx_word' id='word_1_245' title='bbox 341 3645 486 3705; x_wconf 90' lang='lat' dir='ltr'>·tumnns</span> <span class='ocrx_word' id='word_1_246' title='bbox 509 3629 570 3706; x_wconf 89' lang='lat' dir='ltr'>ille</span> <span class='ocrx_word' id='word_1_247' title='bbox 595 3635 754 3709; x_wconf 91' lang='lat' dir='ltr'>Etruscus</span> <span class='ocrx_word' id='word_1_248' title='bbox 777 3637 826 3710; x_wconf 89' lang='lat' dir='ltr'>ita</span> <span class='ocrx_word' id='word_1_249' title='bbox 849 3639 1143 3740; x_wconf 60' lang='lat' dir='ltr'>Ampbologicns,</span> <span class='ocrx_word' id='word_1_250' title='bbox 1163 3655 1203 3714; x_wconf 86' lang='lat' dir='ltr'>et</span> <span class='ocrx_word' id='word_1_251' title='bbox 1228 3641 1406 3714; x_wconf 87' lang='lat' dir='ltr'>Sacrarum</span> 
     </span>
     <span class='ocr_line' id='line_1_34' title="bbox 354 3731 1410 3815; baseline 0.004 -9"><span class='ocrx_word' id='word_1_252' title='bbox 354 3731 552 3806; x_wconf 85' lang='lat' dir='ltr'>Fabularum</span> <span class='ocrx_word' id='word_1_253' title='bbox 576 3735 683 3808; x_wconf 87' lang='lat' dir='ltr'>nudus</span> <span class='ocrx_word' id='word_1_254' title='bbox 707 3737 845 3809; x_wconf 87' lang='lat' dir='ltr'>transire</span> <span class='ocrx_word' id='word_1_255' title='bbox 869 3737 914 3809; x_wconf 90' lang='lat' dir='ltr'>ad</span> <span class='ocrx_word' id='word_1_256' title='bbox 938 3739 1117 3814; x_wconf 80' lang='lat' dir='ltr'>Romanos</span> <span class='ocrx_word' id='word_1_257' title='bbox 1130 3739 1247 3815; x_wconf 88' lang='lat' dir='ltr'>debuit</span> <span class='ocrx_word' id='word_1_258' title='bbox 1264 3753 1298 3812; x_wconf 91' lang='lat' dir='ltr'>et</span> <span class='ocrx_word' id='word_1_259' title='bbox 1323 3741 1410 3814; x_wconf 90' lang='lat' dir='ltr'>din·</span> 
     </span>
     <span class='ocr_line' id='line_1_35' title="bbox 335 3824 1408 3932; baseline 0.006 -28"><span class='ocrx_word' id='word_1_260' title='bbox 335 3824 483 3932; x_wconf 65' lang='lat' dir='ltr'>tissime</span> <span class='ocrx_word' id='word_1_261' title='bbox 506 3856 714 3930; x_wconf 87' lang='lat' dir='ltr'>permanere,</span> <span class='ocrx_word' id='word_1_262' title='bbox 729 3847 779 3906; x_wconf 80' lang='lat' dir='ltr'>nt</span> <span class='ocrx_word' id='word_1_263' title='bbox 809 3836 1034 3913; x_wconf 89' lang='lat' dir='ltr'>Sulmonensis</span> <span class='ocrx_word' id='word_1_264' title='bbox 1059 3839 1160 3914; x_wconf 92' lang='lat' dir='ltr'>bomn</span> <span class='ocrx_word' id='word_1_265' title='bbox 1192 3843 1233 3915; x_wconf 91' lang='lat' dir='ltr'>P.</span> <span class='ocrx_word' id='word_1_266' title='bbox 1262 3839 1408 3914; x_wconf 82' lang='lat' dir='ltr'>Ouidius</span> 
     </span>
     <span class='ocr_line' id='line_1_36' title="bbox 345 3931 1405 4040; baseline 0.003 -34"><span class='ocrx_word' id='word_1_267' title='bbox 345 3931 450 4008; x_wconf 76' lang='lat' dir='ltr'>ittaso</span> <span class='ocrx_word' id='word_1_268' title='bbox 477 3933 619 4006; x_wconf 90' lang='lat' dir='ltr'>Saeculo</span> <span class='ocrx_word' id='word_1_269' title='bbox 643 3935 753 4032; x_wconf 91' lang='lat' dir='ltr'>primo</span> <span class='ocrx_word' id='word_1_270' title='bbox 778 3935 966 4009; x_wconf 84' lang='lat' dir='ltr'>Christiano</span> <span class='ocrx_word' id='word_1_271' title='bbox 990 3941 1305 4040; x_wconf 65' lang='lat' dir='ltr'>ineuntesmythicas</span> <span class='ocrx_word' id='word_1_272' title='bbox 1325 3941 1405 4016; x_wconf 86' lang='lat' dir='ltr'>eius</span> 
     </span>
     <span class='ocr_line' id='line_1_37' title="bbox 358 4033 1404 4134; baseline 0.004 -26"><span class='ocrx_word' id='word_1_273' title='bbox 358 4033 502 4134; x_wconf 87' lang='lat' dir='ltr'>Nuptias</span> <span class='ocrx_word' id='word_1_274' title='bbox 526 4033 651 4132; x_wconf 91' lang='lat' dir='ltr'>primns</span> <span class='ocrx_word' id='word_1_275' title='bbox 675 4033 863 4114; x_wconf 87' lang='lat' dir='ltr'>condiderit</span> <span class='ocrx_word' id='word_1_276' title='bbox 894 4052 929 4109; x_wconf 93' lang='lat' dir='ltr'>et</span> <span class='ocrx_word' id='word_1_277' title='bbox 960 4039 1138 4116; x_wconf 90' lang='lat' dir='ltr'>celebrarit</span> <span class='ocrx_word' id='word_1_278' title='bbox 1163 4042 1198 4116; x_wconf 91' lang='lat' dir='ltr'>in</span> <span class='ocrx_word' id='word_1_279' title='bbox 1223 4044 1404 4118; x_wconf 83' lang='lat' dir='ltr'>Metamor-</span> 
     </span>
    </p>
   </div>
   <div class='ocr_carea' id='block_1_3' title="bbox 326 4131 1064 4230">
    <p class='ocr_par' dir='ltr' id='par_1_6' title="bbox 326 4131 1064 4230">
     <span class='ocr_line' id='line_1_38' title="bbox 326 4131 1064 4230; baseline -0.066 -11"><span class='ocrx_word' id='word_1_280' title='bbox 326 4157 343 4219; x_wconf 63' lang='grc' dir='ltr'><strong>ἣ</strong></span> <span class='ocrx_word' id='word_1_281' title='bbox 354 4139 456 4230; x_wconf 75' lang='lat' dir='ltr'>phos,</span> <span class='ocrx_word' id='word_1_282' title='bbox 474 4133 552 4213; x_wconf 86' lang='lat' dir='ltr'>Lib·</span> <span class='ocrx_word' id='word_1_283' title='bbox 568 4131 666 4214; x_wconf 75' lang='lat' dir='ltr'><strong>XIV.</strong></span> <span class='ocrx_word' id='word_1_284' title='bbox 683 4161 717 4212; x_wconf 82' lang='lat' dir='ltr'>r.</span> <span class='ocrx_word' id='word_1_285' title='bbox 734 4134 817 4214; x_wconf 79' lang='lat' dir='ltr'>tta.</span> <span class='ocrx_word' id='word_1_286' title='bbox 834 4137 1004 4216; x_wconf 72' lang='lat' dir='ltr'>tte-ee.</span> <span class='ocrx_word' id='word_1_287' title='bbox 1022 4175 1024 4180; x_wconf 84' lang='lat'><em>.</em></span> <span class='ocrx_word' id='word_1_288' title='bbox 1061 4163 1064 4171; x_wconf 16' lang='lat' dir='ltr'>a</span> 
     </span>
    </p>
   </div>
   <div class='ocr_carea' id='block_1_4' title="bbox 0 0 1492 5032">
    <p class='ocr_par' dir='ltr' id='par_1_7' title="bbox 0 0 1492 5032">
     <span class='ocr_line' id='line_1_39' title="bbox 0 0 1492 5032; baseline 0 4"><span class='ocrx_word' id='word_1_289' title='bbox 0 0 1492 5032; x_wconf 95' lang='lat' dir='ltr'> </span> 
     </span>
    </p>
   </div>
  </div>
 </body>
</html>
