2976 5032
419 343 465 416 tt

366 467 439 516 rum
462 439 789 519 Cabirieorumosse
812 435 1034 510 characterem
1057 439 1278 512 essentialem:
1297 446 1438 519 etodeo

372 542 565 642 Opdeedem
594 539 779 608 caumana
803 537 1053 632 posseresolri
1072 538 1112 633 jn
1129 557 1272 637 quatuor
1290 545 1442 619 binam

366 645 559 729 Numeros,
593 637 681 708 omui
711 635 790 706 iure.
808 647 922 707 tenere
948 659 1125 734 possumus
1164 641 1199 710 in
1237 640 1304 712 bae
1333 643 1434 716 Etru-

368 739 565 818 se'a'l'abula
583 733 775 830 quoauem
790 733 983 816 Cobirr'eem
1009 761 1070 832 per
1096 739 1190 834 signa
1207 755 1242 811 et
1272 746 1433 838 symbola

368 840 579 917 Geomettic'a
602 836 704 908 luisse
729 849 917 932 expressam
941 852 975 907 et
1002 835 1220 934 designatam.
1242 840 1290 911 Et
1304 843 1438 940 'prole-

353 927 423 1018 ¹oto
448 943 479 1012 si
505 939 678 1040 Pyrumide
703 937 828 1032 lyram,
855 951 890 1006 et
914 932 1001 1006 adeo
1019 937 1204 1010 Vulcanum
1234 955 1269 1012 et
1294 943 1434 1016 Vestam

369 1039 555 1140 significare
579 1043 763 1136 potuerunt
786 1035 1033 1132 Pythagorici,
1063 1037 1244 1132 Platonici,
1276 1056 1316 1114 et
1346 1043 1436 1118 Neo-

269 1150 285 1229 '.
367 1139 561 1229 Platonici3
588 1137 711 1234 utique*
729 1141 966 1232 possumns'et
989 1163 1048 1208 cos
1074 1137 1212 1234 ligura,
1245 1166 1342 1238 quae
1369 1169 1431 1241 pro

367 1244 544 1345 Pyromtde
567 1237 677 1310 teneri
696 1250 766 1307 nont
790 1235 931 1306 absurde
957 1251 1082 1333 potest,
1106 1234 1298 1312 Vulcanum
1330 1246 1430 1316 Cobi-

326 1413 330 1418 .
367 1351 484 1430 meum,
512 1354 545 1413 et
570 1353 686 1435 typum
703 1359 797 1407 suum
814 1335 1009 1407 foemineum
1029 1339 1197 1425 Cererem,
1214 1340 1270 1411 rel
1297 1343 1425 1414 Vestem

350 1443 524 1517 *Marna
542 1437 745 1534 significare.
771 1439 811 1506 2.
841 1437 885 1507 Et
910 1435 1066 1533 quoniam
1093 1463 1131 1510 ex
1160 1439 1325 1535 plurimis
1354 1443 1426 1514 Mo-

368 1542 532 1616 numentis
558 1537 694 1610 Graecis
719 1551 752 1608 et
777 1537 954 1624 Romanis,
982 1563 1067 1634 quae
1093 1541 1183 1636 apud
1212 1540 1430 1614 Mootsauoo-

367 1645 475 1732 nium,
502 1638 712 1725 Passerinus„
728 1637 880 1733 aliosque
904 1635 1013 1709 videri
1039 1653 1202 1734 possunt,
1230 1640 1313 1712 imo⁴
1330 1657 1366 1714 et
1388 1641 1430 1710 E-

369 1739 506 1832 muscis,
532 1765 617 1838 quae
641 1737 732 1834 apud
756 1737 991 1833 lugbiramium
1016 1754 1157 1835 possunt
1175 1743 1334 1836 conspici
1355 1768 1429 1814 con-

368 1839 634 1916 mesenatae
656 1839 841 1911 Dioscoroe
867 1837 1038 1909 Gabiricos
1064 1839 1266 1936 significatos
1281 1843 1426 1939 Symbo-

367 1943 405 2016 lo
435 1943 643 2034 Grauissima,
671 1940 786 2036 utique
812 1938 983 2034 gemellam
1010 1965 1134 2012 enicem
1160 1941 1316 2012 Tabulae
1331 1943 1428 2014 Etru-

367 2043 417 2116 sei
443 2039 817 2144 Aptara-babebimus,
833 2053 867 2109 ut
892 2037 1045 2136 symbola
1069 2040 1241 2138 utriusque
1253 2043 1425 2115 Dioscuri.

368 2143 411 2216 3.=
433 2144 521 2217 Rota
545 2141 745 2239 quatriradia
773 2189 782 2228 ‚
816 2139 898 2220 sire
923 2136 1079 2212 Circulos
1103 2141 1275 2213 diametris
1300 2143 1427 2214 decus-

370 2246 452 2317 setis
477 2245 510 2313 in
538 2239 760 2312 Monumentis
786 2237 936 2329 Graecis,
964 2239 1135 2330 Romanis,
1164 2239 1317 2312 Etruscis
1335 2267 1430 2336 sym-

368 2341 651 2416 bolum‘Dearum
676 2337 822 2410 fatalium
848 2336 1034 2429 Adrestae,
1055 2341 1259 2429 Nemeseos,
1294 2339 1426 2410 Fortu-

305 2475 307 2480 ·
367 2465 442 2532 nae,
461 2439 601 2513 Veneris
617 2437 798 2529 Genitalis,
819 2453 852 2509 et
869 2441 966 2510 etiam
985 2442 1154 2512 Minervae
1169 2441 1422 2514 Moeronomae.

369 2540 416 2614 Et
438 2551 616 2640 propterea
641 2539 732 2610 Duas
757 2565 797 2612 ex
823 2540 876 2610 his
901 2541 1034 2612 Deabus
1065 2565 1180 2640 nempe
1205 2543 1309 2612 Deam
1338 2539 1424 2610 Coe-

369 2642 465 2716 lestis
490 2639 551 2714 tati
571 2663 723 2737 *premam
749 2640 819 2709 sive
846 2641 1039 2730 Minervam,
1067 2657 1101 2713 et
1118 2641 1278 2713 Venerem
1295 2643 1422 2712 ‘Terre-

368 2743 451 2816 stris
470 2741 545 2813 Fati
569 2739 710 2810 indicem
739 2738 886 2812 Gemella
916 2749 988 2812 rotet
1017 2741 1195 2840 significari
1233 2741 1414 2814 dicemus:

367 2845 405 2913 lt.
432 2843 477 2912 Et
501 2839 630 2911 tandem
658 2838 685 2909 si
712 2847 941 2938 quaternarius
966 2867 1117 2914 numerus
1142 2855 1176 2914 et
1201 2842 1285 2914 adeo
1313 2839 1419 2940 figura

367 2961 589 3038 quaecumque
601 2941 825 3036 quadrilatera
834 2955 886 3013 est
899 2942 1084 3037 symbolum
1096 2943 1233 3016 maxime
1245 2944 1421 3041 preprium

366 3040 541 3127 Mercurii,
569 3039 661 3137 quod
686 3040 787 3112 doctu
812 3041 1008 3116 Plutarchus
1034 3043 1186 3142 Sympes.
1208 3043 1277 3114 IX.
1298 3071 1361 3141 qu.
1380 3040 1415 3110 3.

365 3163 447 3242 pag.
476 3139 561 3212 738.
585 3193 595 3228 ,
622 3155 657 3211 et
680 3139 741 3212 alii
762 3163 894 3238 ,saepel
921 3156 954 3213 et
978 3143 1121 3240 meres,
1149 3157 1183 3214 et
1213 3144 1242 3214 si
1279 3145 1418 3216 Proser-

365 3241 463 3342 pinae
479 3265 579 3313 sacra
590 3239 651 3312 illa
670 3240 838 3342 Tetraetye
852 3242 1071 3339 Pythagorica
1083 3243 1335 3336 ineffabilis2de
1353 3263 1418 3339 qua

114 3337 154 3355 '¹
269 3357 272 3361 ·
366 3355 504 3438 egereret
527 3337 614 3411 idem
639 3339 842 3412 Plutarchus
860 3347 900 3414 de
926 3345 1005 3416 laceb
1022 3369 1099 3441 pag.
1119 3345 1204 3414 381.
1226 3358 1259 3415 et
1284 3344 1318 3416 in
1335 3346 1416 3442 ray-

366 3444 506 3536 ⁰l¹ttqen.·
530 3463 626 3538 pag.
642 3444 751 3513 tort.-
768 3441 1112 3516 Pseudo-Plutarchus
1137 3445 1180 3515 de
1194 3444 1316 3516 Placit.
1340 3427 1419 3516 Ptiss

243 3565 246 3572 ’
366 3540 434 3612 los:
449 3541 570 3636 lucap.
587 3541 623 3610 3.
639 3565 719 3639 pag.
736 3543 821 3613 872.
851 3543 1041 3616 Macrobius
1066 3546 1100 3616 in
1125 3545 1238 3616 Semne
1266 3545 1416 3644 Serpien.

363 3638 461 3714 Libr.
477 3639 507 3711 l.
523 3665 597 3737 cap.
616 3639 649 3712 6.
667 3645 809 3737 pagella.
829 3645 1037 3740 Manliique.
1057 3645 1189 3738 plures:
1218 3655 1331 3715 tenere
1351 3643 1418 3716 uti-

365 3763 432 3838 que
453 3762 629 3838 possumus
655 3743 879 3840 quadrilatera
903 3744 1005 3841 ligura
1031 3741 1183 3820 Tabulae
1201 3738 1344 3840 Apkarii
1373 3741 1416 3811 Ε-

278 3878 281 3886 ·
363 3840 468 3912 trusci
495 3839 690 3938 significari
700 3841 898 3930 Mercurium
923 3858 957 3914 et
982 3841 1229 3939 Proserpinam:
1258 3841 1415 3938 Mihique

134 3973 139 3987 f
258 3982 259 3988 κ
363 3939 539 4040 probabile
564 3954 615 4010 est
639 3965 700 4038 per
725 3941 784 4012 illa
810 3943 911 4016 latera
928 3942 1091 4037 producta
1108 3937 1413 4038 perfectibilitatem

254 4081 256 4087 ·
361 4053 396 4114 et
417 4054 686 4142 progressum-aet
710 4065 836 4113 cursum
862 4041 1005 4112 Naturae
1022 4041 1189 4112 Humanae
1207 4039 1406 4142 significari,

361 4139 921 4250 curios'lltutttttrtteitNuturae'Typi
932 4138 1184 4240 profundissimi
1204 4141 1240 4216 in
1254 4141 1409 4218 Pantheo
