2966 5022
351 390 413 485 qui
439 399 679 464 monumentum
696 397 906 466 tractaverat:
922 386 964 462 ud
983 387 1055 462 eius
1068 385 1233 464 sinistram
1249 399 1300 462 est
1316 388 1402 464 alius

347 487 489 562 Juvcnis
514 477 630 562 sedens
655 488 814 562 inferiora
824 489 939 587 'pallio
956 502 1077 580 tectus,
1105 488 1242 560 sinistro
1261 489 1400 565 brachiu

345 589 496 688 gladium
513 591 632 686 ragina
649 587 798 664 clausurn
823 615 970 678 servans,
988 589 1104 662 dextra
1120 589 1400 686 temporibusad·

345 705 448 780 mota,
467 688 649 786 habituque
665 688 720 762 rel
747 689 909 781 dolentis,
928 689 983 762 rel
1001 689 1183 786 'cogitantis
1199 689 1397 769 tristissima.
1455 765 1456 774 ,

281 819 284 826 ·
345 786 471 862 Gorius
495 801 528 860 et
553 787 776 886 lnghiramius
801 814 919 864 noram
945 803 979 862 et
1002 789 1119 862 lalsam
1145 789 1283 863 Scenam
1322 819 1401 866 con-

344 887 707 986 finguntTragoediae
746 889 912 986 Meleagri
941 887 1087 964 Aetoli:
1115 887 1225 980 Quum
1261 891 1304 976 in¹
1335 893 1399 968 hac

341 987 496 1062 Dramate
521 988 565 1058 sit
591 989 696 1066 Saeua
719 990 849 1064 Bacchi
878 990 1019 1062 Cabira'ci
1047 989 1110 1061 sub
1135 989 1246 1086 specie
1270 993 1397 1066 Adoni

342 1093 395 1160 dia
424 1087 600 1161 Plrocaiuc'i.
630 1088 717 1165 Nam
741 1090 771 1162 si
796 1093 982 1163 Adcaidcra
1018 1091 1198 1162 laceratum
1234 1090 1395 1192 abApra

340 1187 375 1258 in
403 1189 525 1260 lemare
550 1207 614 1306 *par
639 1215 700 1259 ran
725 1189 873 1262 Fabulae
891 1189 1093 1264 Graecorum
1110 1189 1310 1286 referebant,
1337 1197 1394 1268 Fa-

339 1286 439 1361 balae
464 1294 626 1387 genuinae
649 1289 847 1362 Phoeniciae
865 1292 1040 1364 narrabant
1056 1289 1160 1362 dubio
1179 1293 1296 1386 procul
1317 1293 1393 1368 luis·

339 1415 375 1458 se
400 1389 576 1466 laceratum
602 1391 636 1464 in
661 1407 726 1508 par
751 1417 813 1462 rnrr
838 1392 977 1486 [aquine
998 1403 1033 1462 et
1058 1389 1197 1488 genitali
1224 1406 1333 1486 parte,
1361 1411 1393 1468 et
1453 1421 1454 1424 ’

335 1488 422 1562 adeo
447 1490 551 1562 luisse
577 1511 757 1582 exsectum,
785 1503 822 1562 ut
851 1488 972 1581 Osiris,
999 1491 1055 1562 cui
1085 1515 1197 1561 omnes
1223 1492 1336 1587 lllythi
1361 1511 1392 1568 et
1453 1499 1454 1502 ’

335 1591 534 1664 traditiones
558 1593 815 1680 assimilabunt,
855 1605 898 1662 ut.
926 1603 1058 1662 constat
1094 1615 1135 1662 ex
1160 1591 1313 1665 Lucieno
1353 1597 1392 1669 de

334 1691 414 1762 Dea
440 1692 555 1792 Syra,
584 1694 752 1792 Stephano
772 1691 922 1788 ,Byzant
950 1690 986 1762 in
1002 1687 1201 1780 Αμαᾶους,
1230 1692 1337 1784 Suida
1359 1697 1391 1770 in

242 1869 246 1878 ,
332 1789 492 1890 liparam:
522 1795 698 1866 Damascia
724 1792 813 1890 apud
841 1791 991 1864 Plautium
1028 1791 1063 1861 in
1087 1791 1288 1863 Bibliatdcc..
1310 1819 1386 1894 pag.

335 1895 448 1966 tuac.
476 1895 511 1966 in
537 1900 604 1966 uita
629 1898 774 1968 Isidori:
802 1891 955 1965 Ausonio
989 1891 1024 1962 in
1055 1890 1173 1988 Epipr.
1203 1891 1331 1967 XXX.
1359 1912 1392 1970 et

330 1991 410 2064 aliis
434 1993 599 2092 pluribus.
628 1993 727 2070 Adeo
753 2007 790 2064 ut
814 1993 945 2064 Adonis
971 2000 1112 2088 eviratus
1137 1991 1234 2090 sistat
1259 2021 1333 2068 sose
1357 1998 1391 2072 in
1455 2015 1456 2020 ’

332 2093 474 2168 Tartaro
501 2121 610 2170 coram
640 2096 790 2168 Cabirr'uc
818 2091 966 2168 Vulcano
993 2093 1085 2192 Rege
1111 2105 1145 2164 et
1176 2092 1297 2185 Patre,
1326 2098 1388 2172 ad·
1453 2181 1454 2186 ἵ

317 2209 439 2278 1εωηῑθ
465 2197 537 2294 ipsa
569 2196 702 2283 Vanam,
730 2218 815 2293 quac
841 2192 1036 2266 avidissime
1061 2192 1156 2292 cupit
1183 2193 1273 2269 Vires
1288 2196 1387 2268 Ado·
1453 2229 1455 2278 r

327 2299 425 2388 aidis,
452 2309 486 2366 et
512 2292 666 2366 Gemella
691 2293 763 2368 lero
780 2293 895 2367 Marte
920 2307 1104 2388 exauctare,
1123 2293 1177 2370 rel
1195 2292 1383 2394 quitant-
1454 2293 1455 2380 Ξ

327 2393 375 2466 sit
399 2397 530 2496 Aprum
555 2408 771 2473 exsectorem.
1435 2395 1455 2482 ’ἶ

379 2496 414 2570 3.
445 2497 534 2590 Quin
559 2497 702 2596 Dionysi
716 2495 865 2571 Cabirici
890 2491 1034 2572 eviratio
1058 2497 1095 2570 in
1118 2493 1188 2568 alio
1214 2509 1389 2596 praestan·
1454 2533 1455 2538 ¹

324 2596 456 2674 tissima
483 2601 698 2673 Monumento
724 2622 882 2698 expressa
906 2614 971 2670 est:
998 2623 1116 2696 nempe
1143 2596 1178 2668 in
1203 2597 1298 2670 Cista
1332 2623 1389 2670 ae-
1455 2623 1456 2640 ¹

320 2721 378 2772 rea
404 2715 439 2772 et
462 2701 604 2790 funebri,
632 2725 729 2796 quam
754 2698 865 2772 edidit
889 2697 999 2770 Raoul
1031 2697 1195 2796 Rcbclrette
1224 2705 1260 2770 im
1285 2683 1383 2770 Mna.

319 2799 441 2872 laedit.
471 2801 556 2872 Tab.
586 2800 714 2873 LVlll.
744 2827 823 2899 pag.
854 2797 941 2868 334.
971 2795 1056 2870 335.
1087 2813 1121 2872 ct
1151 2823 1217 2898 qua
1248 2797 1388 2871 exhibe-

319 2911 376 2968 tur
400 2897 509 2972 media
534 2898 917 2999 Ara·quadrata‚.snper
934 2923 1000 2996 qua
1019 2901 1090 2972 duo
1106 2898 1202 2997 qnasi
1221 2899 1312 2972 disci
1330 2899 1386 2972 rel

318 2998 464 3088 rotulae,
492 3013 526 3074 et
552 2992 638 3076 duae
664 3003 784 3074 breves
806 2999 953 3088 lanceae,
973 2999 1028 3070 rel
1047 3001 1265 3072 iustrumenta
1282 3025 1385 3097 quae-

275 3147 278 3151 -
317 3095 395 3169 dam
420 3099 692 3202 phallomorpha:
720 3103 811 3174 Hinc
832 3099 914 3172 inde
938 3099 1100 3174 Mulieres
1118 3100 1206 3172 duae
1223 3099 1384 3198 gemellae

315 3199 617 3296 profundissimum
643 3203 819 3302 quemdam
843 3199 996 3272 dolorem
1021 3200 1261 3298 significantes:
1278 3199 1383 3272 dubio

312 3299 435 3395 procul
461 3302 540 3400 quia
565 3319 640 3376 ante
665 3301 768 3376 Aram
792 3301 964 3404 proiectus
989 3301 1081 3375 lrumi
1106 3327 1246 3401 prorsus
1272 3298 1405 3372 nudus*

311 3399 401 3472 iacet
424 3403 559 3490 Juveais
585 3416 715 3476 mortuo
742 3403 883 3498 similis,
899 3426 980 3474 scau
1006 3429 1137 3496 carens,
1152 3417 1185 3474 ct
1210 3425 1308 3474 manu
1329 3401 1383 3472 in·

311 3523 399 3594 guen
425 3505 583 3600 obtegens
605 3532 617 3577 ι
641 3501 891 3602 Adsinistram
917 3503 1176 3602 spectatorispet
1201 3499 1248 3570 ad
1272 3501 1384 3598 pedes

308 3599 445 3696 Juvenis
471 3606 627 3701 oppressi
653 3616 742 3678 stunt
760 3599 827 3678 tres
844 3603 986 3674 Juvenes
1014 3599 1149 3698 gemelli
1163 3599 1260 3686 reati,
1280 3597 1377 3670 chla-

309 3701 450 3798 rnydati,
478 3707 624 3796 scutati,
651 3729 717 3776 uno
743 3701 869 3776 tantum
894 3716 927 3774 et
952 3701 1114 3796 propiore
1140 3693 1290 3796 gladium
1316 3697 1375 3768 di-

307 3803 457 3884 strictum
493 3798 529 3875 'et
566 3818 698 3876 acutum
722 3804 756 3875 iu
782 3801 898 3874 daritra
936 3797 1091 3870 habente.
1128 3797 1173 3868 lt.
1203 3793 1379 3870 lloclrette

309 3904 345 3974 in
371 3903 436 3976 hoo
461 3893 615 3977 Dramate
639 3901 851 4000 Astyanactis
877 3921 990 3971 necem
1015 3921 1200 3993 agnoscere
1236 3894 1378 3968 volebat
1455 3933 1456 3936 ¹

285 4014 347 4100 p.
378 4005 465 4076 334.
494 4004 582 4079 lraud
607 4003 752 4078 sentiens
777 3992 889 4074 refelli
919 3997 1156 4074 absurditatem
1182 4023 1202 4070 a
1228 3995 1373 4094 singulis

308 4101 480 4182 elementis
504 4119 575 4186 turn
597 4101 700 4188 ‘tutas
724 4099 904 4210 Dramatic,
924 4113 993 4180 tum
1017 4099 1291 4210 ducrumhpnae
1305 4123 1368 4192 se-
