2976 5032
379 313 404 386 6

318 413 593 510 phalacrntorem.
626 409 671 479 Et
703 406 859 507 'quamvis
884 404 990 500 vulgo
1015 401 1106 498 apud
1132 399 1274 476 Paetus
1312 407 1425 479 Posi.

321 511 425 585 danai
452 509 629 584 llelleuicc
653 533 717 580 una
742 507 811 580 lere
836 502 1112 576 Thalassocratia
1153 501 1417 600 adsignetur,

321 625 448 684 aenum
474 611 575 708 plane
599 623 652 683 est
675 605 781 680 luisse
804 607 914 677 Deum
939 603 1136 674 Hellenibus
1161 601 1301 676 intime
1323 608 1422 678 Ter·

232 734 235 744 ·
322 727 462 784 restrem
487 709 668 782 neutralem
691 703 982 803 fundamentalem,
1010 703 1137 774 Terrae
1165 717 1355 778 statorem
1382 721 1418 778 et

205 865 207 872 .
326 831 591 900 concussorem,
620 823 859 908 quaereremur,
886 818 921 875 et
946 827 1046 876 unum
1070 802 1211 874 maxime
1247 804 1420 880 Vulcano

179 979 184 992 ,
326 909 477 984 calinico
503 909 724 984 similiorem:
752 908 821 980 nisi<
842 903 921 1002 quia
937 902 1115 975 Hellenioo
1128 902 1241 1000 Typo
1258 905 1410 1006 Aquae,

326 1007 478 1082 Gabinae
504 1009 595 1105 Ipnir
619 1009 815 1082 elementum
840 1003 1064 1102 adsignatum.

372 1109 426 1182 Da
451 1109 516 1180 hoe
541 1124 651 1184 autem
675 1109 829 1183 Vulcano
846 1105 1002 1180 Cabirion
1028 1125 1135 1202 panca
1159 1102 1343 1197 Veteres,
1364 1104 1410 1175 si·
1475 1165 1476 1208 3

322 1231 364 1280 ve
389 1208 467 1308 quia
491 1211 651 1286 fecissent
674 1209 911 1284 innominatum
935 1219 970 1280 et
995 1229 1134 1304 prorsus
1158 1229 1350 1298 manuum,
1371 1218 1413 1276 ut
1475 1213 1476 1248 .

322 1324 438 1406 aperte
461 1311 590 1384 Statius
615 1323 650 1383 et
674 1309 829 1383 Lucanas
853 1307 991 1398 facium,
1011 1306 1091 1380 sire
1117 1305 1198 1403 quia
1235 1319 1398 1406 potesla-

237 1453 239 1457 -
323 1420 392 1480 tem
421 1423 547 1482 tantum
571 1409 767 1504 vindicem,
794 1409 977 1498 ultricem,
1004 1405 1190 1486 terribilem
1215 1431 1401 1480 reservas
1460 1451 1462 1456 .

323 1521 411 1582 sent.
439 1508 565 1584 Notior
589 1525 698 1584 tamen
723 1525 764 1582 et
781 1511 883 1605 longe
908 1507 1073 1580 celebrior
1097 1521 1148 1580 est
1172 1506 1209 1580 in
1237 1535 1312 1582 sno
1332 1507 1401 1608 Ty-

317 1635 368 1708 pn
392 1617 576 1704 hemmae,
604 1611 677 1685 sive
702 1636 818 1702 uxore,
846 1611 917 1682 sire
945 1608 1017 1680 lilia
1046 1607 1214 1700 maxima,
1254 1611 1307 1684 de
1334 1632 1399 1705 qua

253 1751 255 1756 .
322 1732 412 1823 mcx.
439 1709 525 1784 Nam
536 1710 678 1784 Veteres
691 1709 865 1806 Theologi
890 1733 931 1781 ex
955 1709 1113 1804 dogmate
1138 1731 1200 1780 suo
1226 1710 1404 1782 vetustis·

243 1857 245 1862 ,
321 1830 408 1880 saum
435 1823 469 1881 et
518 1811 761 1884 ertioacissime-
782 1824 944 1898 servato,
985 1822 1023 1880 ut
1056 1809 1121 1880 inm
1159 1811 1393 1896 monuimus,

320 1907 473 2004 singulos
488 1835 607 2010 lypos
634 1937 769 2012 magnos
782 1907 1015 2007 Theologieoa
1040 1909 1074 1980 ln
1100 1907 1239 1983 formam
1255 1933 1403 1982 meson·

162 2085 163 2090 ,
318 2004 388 2079 lam
414 2025 447 2080 et
472 2011 608 2084 formam
633 2011 828 2108 foemineam
845 2007 1095 2106 distinguebant
1112 2023 1146 2080 et
1162 2009 1388 2098 dividebant,

317 2107 490 2208 virumque
515 2111 596 2185 inde
622 2113 759 2201 Deum,
786 2124 822 2180 et
847 2111 952 2182 Deam
976 2133 1113 2183 uxorem
1146 2107 1389 2207 effingebant,

318 2207 413 2280 virili
439 2213 563 2282 l'ormae
589 2213 660 2284 sire
678 2211 780 2306 Typo
799 2213 932 2308 saepius
953 2211 1178 2308 proprietates
1203 2227 1239 2282 et
1267 2211 1388 2282 choa-

317 2320 426 2378 cteres
450 2309 584 2381 roboris
609 2307 833 2380 vehementiae
867 2309 1010 2383 aetionis
1027 2333 1181 2408 asperae:
1200 2309 1388 2382 Foeminae

319 2407 578 2501 generationis,
605 2423 640 2481 et
664 2407 913 2484 misericordiae
931 2435 947 2482 τἸ
970 2407 1244 2485 Videbanecam
1257 2409 1381 2482 Natur-

320 2503 461 2596 Quaest.
489 2505 570 2580 Lib.
599 2509 666 2582 Ill.
707 2533 783 2605 cap.
815 2511 873 2579 lh.
915 2535 997 2608 pag.
1029 2509 1115 2584 662.
1151 2511 1317 2585 Proolum
1351 2504 1386 2575 in

274 2629 277 2638 ·
320 2605 413 2678 Tim.
442 2633 523 2708 pag.
555 2612 614 2682 lb.
643 2624 678 2682 et
704 2609 766 2680 66.
783 2607 887 2680 Mart.
903 2611 1078 2708 Capellam
1094 2609 1262 2710 deNupt.
1279 2605 1379 2683 ler·

319 2703 350 2784 I·
369 2731 459 2804 pag.
488 2713 525 2781 2.
554 2710 591 2782 S.
621 2709 843 2806 Augustiuum
880 2710 925 2784 de
954 2712 1025 2784 Cio.
1055 2713 1133 2783 Dei.
1166 2711 1267 2788 Libr.
1297 2701 1379 2782 Vll·

203 2831 208 2838 ·
322 2828 399 2902 cop.
428 2810 464 2878 9.
494 2809 578 2906 rag.
598 2811 680 2881 lbl.

371 2904 418 2974 II.
452 2907 548 2980 Cerae
578 2909 730 2982 Gabinae
755 2908 920 3008 Eaaarpa
944 2928 976 2984 ct
1005 2912 1261 3012 Thannophorn3
1285 2905 1385 2983 Gaea

290 3049 294 3058 ·
318 3001 505 3080 Pentheator
527 3026 558 3080 ot
587 3007 782 3083 Oracolnrb
802 3037 813 3106 3
847 3013 974 3105 Thantia
991 3011 1171 3114 Paracmpa
1195 3029 1226 3085 et
1252 3007 1380 3086 Fatidi-

319 3127 363 3174 ca
375 3131 390 3195 ,⁰
417 3105 565 3182 Fortuna
590 3111 785 3210 Pancarpa,
815 3113 968 3188 Verterat
994 3113 1093 3186 State
1118 3116 1245 3206 Meter,
1274 3110 1380 3182 Aric-

318 3229 400 3276 ror:
432 3205 546 3304 Typna
572 3217 733 3284 arcendas
757 3217 883 3288 dininas
907 3211 1048 3294 Panthei
1060 3264 1062 3268 .
1077 3214 1234 3288 Callaici.

338 3365 342 3378 .
373 3302 443 3376 llas
469 3333 582 3381 omnes
608 3311 697 3382 Dens
722 3338 762 3385 er
788 3339 854 3386 uno
881 3313 1067 3412 eodemque
1092 3315 1195 3412 Typo
1231 3304 1381 3384 Theolo-

219 3417 236 3446 ’ν
317 3401 401 3500 gico
427 3405 531 3480 lactas
550 3409 706 3482 'dubitari
730 3436 797 3487 non
822 3427 950 3515 potest,
978 3415 1057 3513 quia
1082 3417 1288 3489 characteres
1306 3410 1375 3481 [oo-

319 3499 523 3580 dameutoles
549 3523 626 3582 suut
650 3509 785 3606 iidem,
814 3529 848 3588 et
873 3513 960 3588 tales
978 3528 1015 3587 ut
1039 3541 1081 3592 ex
1105 3533 1172 3590 uno
1198 3527 1232 3586 et
1257 3508 1374 3583 eodem

317 3599 412 3673 fonte
438 3605 559 3682 luerint
588 3611 783 3685 ducendae:
819 3614 905 3688 Nam
943 3628 1022 3688 suut
1059 3641 1173 3690 omnes
1210 3615 1276 3686 una
1306 3606 1374 3679 sire

320 3699 515 3800 Eucarpae,
533 3710 603 3782 sire
628 3711 834 3810 Pancarpae,
861 3729 930 3785 tum
955 3717 1027 3790 eive
1043 3716 1177 3789 Fatales
1201 3715 1273 3789 sire
1298 3702 1394 3792 satin

198 3809 222 3878 J
319 3799 415 3873 dinae
449 3805 519 3879 sire
545 3809 744 3883 Oracnlares
769 3813 840 3888 sive
865 3815 1171 3916 Thesmophorae:
1213 3804 1372 3910 etipslt1⁸

321 3899 440 4018 (iaaac
467 3908 538 3983 sive
552 3909 701 3982 Telluris
719 3910 863 3986 Oracula
888 3926 929 3987 ex
954 3913 1126 4016 Aeschylo
1151 3917 1186 3989 in
1211 3903 1371 3988 Prometlt·
1457 3949 1469 4025 p

316 4020 422 4113 wacta
446 4017 482 4078 et
505 4013 575 4082 init.
604 4009 780 4086 Eumenid.
795 4013 998 4087 clarissima.
1014 4017 1127 4116 Ipsam
1156 4029 1266 4089 autem
1283 4006 1372 4080 The·
1465 4032 1468 4058 1

317 4102 612 4214 cruentantem
638 4111 846 4232 Pancarpam,
864 4141 904 4190 ex
929 4115 1064 4194 filiabus
1088 4115 1122 4188 ci
1147 4114 1283 4190 traditis
1308 4105 1376 4181 lld⁴
1407 4141 1410 4146 s
1464 4114 1469 4268 p

1467 4272 1469 4350 l
