2924 5036
46 493 86 558 us
106 481 255 582 ignorant.
281 476 369 576 Quin
394 475 550 556 Planetae
574 497 704 578 semper
728 471 835 554 hahiti
858 489 899 552 ut
920 481 980 554 Dii
990 481 1054 553 mi·

48 585 138 674 nistri,
163 586 257 673 servi,
283 585 440 671 minores,
466 594 501 652 et
527 582 709 652 tenuiores.
778 669 780 675 Ι

89 685 122 754 5.,
143 681 271 774 Quinto,
296 683 376 779 quia
402 680 648 752 characteribus
674 669 915 779 'Pheologiois,
942 678 1059 752 Litar-

49 780 122 876 gieis
139 833 148 870 ,
164 782 334 876 'Hierogra
360 781 446 851 blois
470 779 674 876 singolorum
705 783 851 852 Deorum
869 801 1062 877 magnorum

48 879 190 967 collectis,
210 895 242 952 et
265 805 474 968 eorrihnatis,
501 894 535 950 et
560 903 634 950 eum
659 870 1072 976 Solaribus,Lunarihus‘,k

49 977 223 1050 Planetoriis
247 978 448 1076 comparatis
472 977 566 1049 nnll'a
583 999 688 1076 aequa
705 979 860 1076 analogia
877 977 1068 1074 deprehen-

49 1075 225 1164 ditur,nulla
239 1079 422 1150 similitudo
440 1079 600 1172 arguitur:
609 1078 743 1148 omnino
759 1077 1018 1174 profundissima
1029 1087 1066 1144 et

52 1173 208 1248 intrinseea
224 1177 413 1250 diversitas.
432 1177 521 1268 Quid
539 1175 645 1250 Osiris
661 1175 882 1274 ldepsgoous,
902 1175 1074 1247 lsanrhro

52 1296 117 1368 pus,
134 1299 190 1370 per
206 1277 403 1374 symbolum·
415 1300 520 1371 aquae
537 1292 571 1346 et
588 1271 661 1346 Nili
679 1300 866 1372 expressus,
898 1275 970 1346 Rex
983 1291 1071 1346 mor·
1189 1299 1193 1310 ⁸

55 1386 169 1442 tuorum
192 1389 225 1448 et
249 1375 391 1471 Elysii,
420 1399 493 1446 oum
519 1375 612 1464 Sole,
638 1374 697 1470 qui
722 1369 819 1456 Diem
844 1375 952 1447 loeitl
980 1369 1073 1466 Quid

56 1469 215 1565 braehus,
240 1475 325 1572 quid
350 1473 511 1564 Adonis,
538 1471 621 1570 quid
646 1469 776 1569 Apollo
796 1475 810 1545 l
834 1474 898 1545 nisi
925 1474 985 1548 Sol
1007 1475 1075 1545 iste
1138 1557 1141 1564 Ι

54 1567 193 1644 hahentur
216 1576 341 1666 Aedes,
368 1575 510 1664 Domus,
524 1573 623 1664 Casa,
650 1597 715 1668 qua
733 1575 824 1644 Deus
848 1574 910 1648 ille
935 1573 1079 1671 reeipia·

55 1680 110 1759 tur,
128 1684 159 1741 et
174 1687 319 1744 moretur
344 1672 388 1746 od
413 1672 554 1760 lubitum
581 1695 673 1743 suurn
692 1673 706 1742 l
723 1673 766 1742 Et
784 1673 847 1743 nisi
861 1674 919 1768 Sol
937 1687 972 1743 ut
984 1697 1077 1744 reve*

52 1789 82 1836 ra
95 1767 132 1838 ah
147 1770 187 1842 iis
199 1771 292 1868 ‘ipsis
306 1770 469 1844 Gentibus
483 1773 686 1870 Syris,quoe
711 1771 901 1862 uoluerunt,
917 1773 1078 1844 habeatur

53 1878 84 1933 ut
97 1867 224 1966 pulcher
240 1873 382 1944 quenis
397 1869 632 1968 Isantbropns,
659 1871 717 1967 qni
735 1874 859 1942 scutica
887 1889 921 1943 et
938 1871 1076 1965 flagello

52 1987 141 2060 equos
162 1965 202 2040 ad
221 1994 356 2042 eursurn
377 1969 537 2042 verberata
553 1970 621 2042 ‘nisi
634 1993 697 2042 uon
716 1969 870 2058 Plaueta,
889 1973 949 2042 sed
966 1973 1074 2059 Deus,-

49 2057 184 2160 Pneuma‘,
203 2066 631 2166 Meus,Spiritas,potens,
651 2093 765 2166 agens,
786 2069 931 2166 sapiens,
951 2069 1079 2140 habitet

51 2175 80 2231 et
101 2181 169 2260 agat
192 2165 226 2242 iu
254 2169 365 2260 Solo,
393 2169 484 2265 quod
509 2169 608 2264 plane
634 2168 894 2244 diversissimum
931 2198 954 2244 a
997 2168 1079 2242 Sole

49 2258 194 2356 Planum,
222 2285 259 2342 et
289 2293 432 2364 corpore
458 2267 570 2340 nsandi
589 2267 717 2341 lucido.
919 2277 921 2282 ’

90 2363 120 2432 6.
145 2367 258 2442 Etiam
287 2369 316 2438 si
344 2381 579 2458 terebrasset,
612 2370 705 2466 quod
735 2381 843 2442 tamen
877 2365 1083 2469 penitissime

49 2455 168 2556 falsum,
194 2493 232 2540 err
250 2466 424 2541 Brutismo
442 2465 617 2538 Hominum
650 2483 741 2539 moto
755 2469 899 2542 Pantheo
916 2486 1084 2542 ¹veterurn

49 2555 186 2636 Gentium
199 2566 309 2639 luisse
326 2566 445 2638 rduota
464 2619 475 2655 ,
503 2589 563 2638 nee
581 2582 668 2640 esset
685 2566 764 2640 iu'de
777 2561 938 2639 naturalis
964 2585 997 2638 et
1023 2591 1081 2639 ve-

47 2680 76 2728 ro
96 2669 265 2758 generatio
290 2660 524 2738 Holiooreln'oe
542 2666 595 2738 vel
610 2666 875 2740 Selenoarobiae:
892 2667 977 2738 Nam
990 2667 1080 2740 aliae
1127 2721 1130 2730 Α

45 2754 133 2855 louge
146 2765 265 2859 plures
277 2766 490 2838 necessitates
506 2764 664 2840 hnmanae
679 2781 768 2858 sunt,
784 2781 817 2840 ot
830 2768 1016 2856 sensiones,
1045 2779 1080 2837 et

44 2861 216 2956 passiones,
246 2879 285 2938 et
309 2865 375 2938 alia
402 2864 532 2938 obieeta
549 2868 722 2963 propiora,
743 2893 826 2964 olnae
840 2867 928 2954 Soli,
944 2869 1080 2958 nanae,

46 2955 149 3032 Stellls
173 2957 320 3040 luissent
345 2965 380 3036 in
405 2965 499 3036 oultu
526 2982 560 3038 et
585 2966 792 3040 observantia
818 2967 1048 3063 praeferenda.
1094 3023 1095 3026 ,

43 3147 50 3166 .
87 3059 119 3130 7.
146 3061 403 3161 Septimoquia
429 3065 536 3137 onmia
578 3068 766 3140 testimonio
797 3067 1078 3162 Philosophorum

42 3156 175 3254 msignia
197 3166 241 3236 cle
264 3161 355 3236 eultu
368 3178 402 3234 et
415 3163 579 3260 religione
597 3167 708 3238 Solari
721 3166 776 3236 vix
794 3181 932 3235 aetatem
943 3167 1077 3236 Stoico-

41 3276 102 3326 rum
125 3261 328 3360 attingunt:
356 3287 455 3360 quum
482 3265 613 3336 seilicet
638 3264 882 3336 Mathematiois
919 3263 1081 3336 affirmau-

39 3352 119 3426 tihus
142 3360 261 3434 Solern
279 3359 367 3434 ltrrne
380 3388 453 3434 esse
466 3361 540 3458 ipsa
549 3361 686 3432 Tellure
698 3380 810 3436 nostra
828 3363 997 3451 maiorem,
1017 3363 1079 3432 ‹la-
1192 3441 1197 3460 ,

38 3462 69 3522 to
92 3470 123 3527 et
148 3457 289 3558 recepto
315 3462 584 3533 Menoe-osannae
612 3459 846 3535 Gaoooentrioo
889 3477 923 3534 et
953 3457 1081 3568 Usene-

43 3554 172 3660 ‹lromioo
197 3565 389 3632 necessario
415 3561 476 3632 Sol
501 3585 650 3658 magnum
676 3573 710 3632 et
736 3563 851 3660 ingens
878 3563 1005 3636 Numen
1023 3567 1082 3636 ba-

40 3647 176 3733 bendum
203 3661 294 3731 fuit:
323 3673 356 3732 et
382 3659 517 3758 quidem
542 3659 633 3756 apud
668 3685 752 3734 onos
790 3653 1010 3756 Astronomos
1049 3659 1092 3733 et

41 3749 307 3830 Monooosne'slas
336 3755 610 3832 Uranodromioos
630 3785 639 3828 ι
660 3760 745 3832 Nam
770 3763 891 3859 reliqui
921 3763 1081 3834 mortales
1125 3846 1127 3851 Δ

38 3847 306 3954 innumerabiles,
324 3861 382 3956 qui
402 3859 513 3932 Solem
538 3858 625 3931 buno
650 3860 704 3931 rel
722 3843 886 3958 'pedalem
913 3885 985 3931 oum
1001 3863 1098 3960 Epis¹

20 3953 141 4025 ‘eureis
170 3957 497 4031 omnibus-tortasse
523 3961 802 4031 numerosioribus
829 3983 911 4054 prae
929 3959 1083 4046 Stoicis,

8 4095 12 4098 -
36 4061 65 4116 et
76 4078 148 4128 oum
162 4056 376 4146 lleraeliteis=
389 4055 564 4144 faciebant,
581 4058 634 4149 vel
649 4072 775 4129 tanturn
793 4081 870 4126 eum
886 4057 1039 4128 omnibus
1054 4073 1091 4129 et

39 4143 133 4249 longe
153 4156 320 4260 pluribus
346 4153 458 4236 Poetis
485 4168 522 4226 ut
535 4155 694 4228 Juvenem
707 4156 862 4253 polorum
879 4171 1014 4228 eurtum
1036 4159 1092 4231 lu·
1181 4170 1185 4177 ’
