2924 5024
369 412 596 488 alimoniorum
611 410 656 485 de
672 433 794 484 summa
818 422 985 508 potestate
1008 406 1101 485 Joois
1125 405 1309 506 llollenioi,
1328 417 1409 515 qnid

365 512 555 608 profecisti?
580 513 610 584 si
634 511 776 584 nutritus
800 535 947 607 aeaprn,
962 511 991 581 si
1009 512 1098 583 tilios
1111 509 1231 602 Kroni,
1247 517 1307 612 qni
1326 543 1405 614 pm.

364 609 473 686 iaetus
497 612 532 684 in
557 613 711 697 Tartaro,
740 609 768 681 si
794 613 935 706 ipsamet
959 636 978 680 a
1004 607 1108 707 Styge
1132 609 1272 687 tremiti
1310 619 1354 688 Et
1378 619 1407 689 si

365 739 441 786 oum
465 711 633 811 plerisque
657 707 873 806 Philosophis
896 703 1013 781 iorem
1038 711 1124 782 huno
1148 711 1230 783 ineis
1268 717 1405 790 animam

363 812 472 910 ipsam
498 809 617 882 Mundi
641 831 741 905 supra
767 833 840 880 eum
865 807 1010 904 posuisti
1035 810 1123 882 dnos
1164 811 1252 884 alios
1285 831 1324 887 et
1348 843 1407 914 po-

363 909 524 985 tentiores
542 921 577 980 et
593 909 790 982 vetustiores
803 909 909 980 Deos:
924 931 971 980 no
986 908 1148 998 duasne,
1168 922 1202 980 et
1213 937 1281 988 reu
1298 915 1404 989 Noun.

365 1067 367 1074 ,
415 1011 519 1082 Snon.
546 1007 612 1080 Ill.
640 1009 681 1080 In
707 1013 791 1079 omni
817 1009 1081 1082 ueterePantlreo
1105 1005 1223 1082 illustri
1246 1032 1324 1086 sunt
1349 1019 1407 1086 at·

366 1115 422 1210 qui
454 1107 541 1210 Typi
563 1111 663 1179 divini
684 1103 920 1206 Metaplryn'ci:
947 1126 983 1181 ut
1013 1107 1126 1207 Typus
1150 1109 1404 1210 Demiurqieru,

372 1208 682 1296 Gonnotlremelious,
714 1205 944 1300 Genesiurqns,
971 1207 1173 1306 Idepeqaeus
1194 1203 1262 1280 'etess

417 1313 453 1404 ie
482 1306 567 1380 Num
595 1307 629 1375 1.
663 1305 802 1378 Gemelli
829 1301 984 1398 Catina,
1010 1320 1044 1378 et
1067 1309 1207 1407 Dactyli
1223 1307 1323 1386 Idaei
1337 1324 1405 1382 sunt

368 1410 544 1504 Deminrqi
568 1405 672 1504 pua.
694 1403 755 1476 69.
774 1403 884 1480 Jarrus
901 1403 1082 1498 Romanus,
1110 1419 1144 1477 et
1170 1405 1335 1482 Mulciber·
1356 1437 1408 1507 pa·

366 1511 449 1582 riter
473 1507 640 1580 Romanos
664 1505 864 1598 Demiurqi:
896 1504 1058 1592 Gnnesn,
1085 1505 1283 1600 Brachma,
1334 1513 1405 1584 Vin·

263 1635 265 1644 ⁴
365 1637 441 1701 nu,
486 1607 612 1692 Budda
636 1605 672 1676 iu
697 1603 854 1676 Pantheis
879 1604 1005 1679 Iudicis
1042 1607 1213 1700 Demiurqi
1233 1635 1253 1679 :v
1270 1607 1405 1696 Puta,

370 1709 506 1799 Osiris,
534 1707 630 1798 Krref
641 1760 652 1798 ,
679 1704 850 1792 Ammon,
877 1702 1033 1778 Hercules
1058 1707 1147 1777 Kiun
1173 1709 1344 1803 Demiuryi
1377 1709 1404 1777 in

367 1807 526 1883 Pantheis
551 1804 758 1905 Aegyptiis:
786 1805 949 1896 Mithra,
982 1803 1178 1880 Oromasdes
1202 1807 1236 1878 in
1261 1807 1407 1880 Pantheis

367 1909 511 1984 Persicis
538 1920 605 1982 ete.
633 1919 700 1978 ete.

417 2014 456 2085 2.
484 2007 664 2084 Habendae
688 2031 790 2105 pono
828 2017 905 2077 snut
942 2004 1032 2080 Deae
1077 2007 1403 2095 Cosmotlremetieoe,

365 2108 518 2209 Lapides
545 2110 671 2181 Terrae
696 2103 984 2198 Fundamentaies,
1013 2108 1129 2180 Petrae
1154 2107 1277 2179 Mundi
1302 2105 1406 2202 Angu-

364 2214 466 2286 iarest
480 2210 543 2281 Isis
551 2209 647 2280 Isidis
659 2203 840 2306 Aegyptia,
857 2205 990 2278 Astarte
1008 2203 1202 2297 Phoenicia,
1222 2208 1405 2302 Atherqutis

365 2311 468 2408 Syru,
498 2309 618 2408 Cybele
644 2305 805 2404 Phrygia,
821 2304 969 2377 Porondi
992 2305 1125 2400 ludica,
1155 2307 1259 2381 Vesta.
1278 2321 1315 2380 et
1338 2305 1415 2377 Sto·
1446 2319 1447 2400 t

343 2416 403 2484 'ta
427 2405 537 2480 Mater
562 2405 742 2500 Romanae,
772 2408 869 2480 Gneo
894 2403 1100 2498 Bellonam,
1127 2420 1161 2478 et
1188 2407 1235 2478 ita
1261 2429 1376 2502 porro.
1446 2403 1447 2451 t

421 2510 457 2581 3.
487 2507 580 2608 Typi
605 2505 758 2593 maseuli,
786 2519 820 2580 et
845 2504 910 2582 Dii,
933 2505 1202 2596 Gaeotlremelici,
1221 2519 1256 2577 et
1279 2506 1411 2578 Cosmu-

368 2609 535 2710 psyohioi:
562 2608 699 2708 Jupiter
721 2605 888 2704 Tarpeius
902 2617 936 2676 et
952 2604 1164 2702 Capitolinus
1180 2605 1408 2690 Romanorum,

368 2713 444 2807 ipse
467 2707 600 2808 Jupiter
622 2705 755 2804 Lapis,
784 2705 858 2804 ipse
904 2703 1071 2778 Terminus
1111 2704 1266 2796 immotus
1287 2715 1300 2776 ε’
1342 2707 1409 2798 ipse

369 2811 468 2882 Mars
506 2812 610 2905 Lapis
635 2807 800 2878 Mandis.
830 2803 924 2874 'Pam'
948 2803 1121 2902 Neptunus
1162 2805 1287 2878 Consus
1311 2805 1407 2877 ren-

340 2931 467 3006 Ιοχος,
495 2922 529 2980 et
555 2906 732 3004 anonimo,
749 2927 891 3002 quorum
918 2903 1094 2976 Nominum
1120 2915 1321 3003 potestatem
1355 2923 1407 2972 nee

369 3005 552 3079 Crenaerus
578 3007 712 3106 quidem
737 3018 771 3075 et
795 3002 1048 3100 Gnigniantus,
1092 3004 1151 3104 qui
1174 3001 1276 3074 modo
1302 2999 1347 3072 de
1371 2997 1409 3068 iis

369 3121 520 3205 egerunt,
551 3103 810 3207 arripueruntin
828 3103 936 3198 Retiq.
962 3107 1027 3178 utel
1041 3109 1143 3202 antiq.
1173 3101 1236 3174 111.
1266 3105 1305 3172 2.
1332 3100 1404 3198 pag·

370 3211 457 3284 tut.
487 3209 573 3283 628.
602 3211 682 3308 lpse
708 3203 795 3276 Zeus
821 3203 1010 3295 Hellenum,
1028 3216 1066 3274 ut
1091 3217 1129 3273 nt
1145 3197 1294 3274 Antaeus
1307 3215 1340 3272 et
1353 3197 1411 3268 Go-

328 3401 330 3406 Ι
369 3317 564 3412 ryphneus:
591 3308 670 3410 quia
693 3307 786 3403 lapis
811 3303 911 3376 initio
938 3300 1073 3377 toranus
1098 3327 1118 3372 a
1143 3303 1242 3374 Patre
1266 3300 1357 3390 fuit,
1381 3307 1409 3364 θῑ

369 3417 495 3498 Anima
519 3409 654 3502 Mundi,
681 3407 824 3481 docento
851 3403 990 3476 Platone
1016 3403 1051 3474 io
1076 3399 1200 3472 Centro
1225 3399 1406 3500 princeps,

374 3527 408 3588 at
434 3517 558 3592 Terrae
583 3512 618 3586 in
644 3521 757 3581 centro
785 3516 881 3578 stata.
916 3500 958 3578 V
954 3511 1027 3576 isnn
1043 3500 1179 3572 Indicus
1198 3500 1306 3572 suetus
1337 3499 1410 3568 ues-

373 3615 459 3688 tudo
484 3613 555 3688 sive
582 3610 672 3708 lapis
697 3603 917 3694 fundamenti,
935 3617 974 3674 ut
1007 3600 1154 3675 Mundus
1178 3599 1244 3670 iste
1271 3599 1363 3670 fieret
1386 3606 1413 3662 et

376 3715 576 3793 conderetur
601 3725 668 3785 ete.

422 3821 459 3894 lt.
487 3814 581 3911 'l'ypi
606 3807 713 3883 divini
739 3807 806 3876 und
835 3802 1030 3899 Genesiurqi
1053 3813 1087 3872 et
1115 3799 1236 3890 fatales
1268 3798 1333 3869 nna
1356 3793 1411 3866 Po-

374 3917 553 4010 n'qenntlrtii
576 3925 610 3984 ot
640 3907 873 4002 Tiresmoplroni
900 3917 977 3977 sunt
1002 3899 1186 3999 neeessario
1217 3890 1412 3993 Motaphysi-

374 4018 438 4106 ni,
466 4033 500 4089 et
525 4013 609 4088 adeo
637 4005 823 4080 neeessario
851 4003 944 4103 Typi
970 3999 1198 4099 Metaphysiei
1225 4012 1301 4070 sunt
1331 4013 1414 4101 prae·

375 4115 513 4192 dicandi
548 4120 581 4186 t.
609 4111 756 4186 Fortuna
779 4103 931 4200 Italion,
957 4126 1057 4202 quam
1089 4099 1224 4197 egregio
1249 4095 1414 4190 descripsn
