2966 5022
93 407 178 490 Nam
205 427 341 510 praeter
366 407 546 510 Principem
571 407 693 506 Deum,
721 423 756 484 et
777 406 917 483 Penates
940 410 1098 508 intimos,

53 518 186 594 suerum
211 515 362 588 Etruscis
382 511 482 602 ctiam
507 515 566 586 Dii
596 515 775 612 Compliaee
799 526 832 582 et
853 513 1029 588 Consentes
1043 513 1108 606 Fa-

54 623 99 692 tis
125 615 250 691 Mundi
273 611 458 714 praefecti:
498 638 582 712 quos
613 611 782 686 Arnobius
806 609 901 684 Libr.
931 609 996 683 111.
1024 638 1108 711 pag.

57 722 144 790 455.
168 719 250 788 too.
278 715 400 787 Seneca
424 709 509 786 Nat.
542 714 678 810 Quaest.
706 711 754 788 ΙΙ.
784 713 891 800 cM.
913 737 947 784 v.
964 710 1051 794 636.
1070 725 1107 786 et

55 819 240 893 Martianus
264 815 402 913 Capella
427 810 524 886 Libr.
552 815 583 886 I.
611 839 650 914 p.
678 815 740 888 26.
761 811 1038 912 descripserunt,
1071 823 1107 886 et

57 945 119 995 nos
143 917 209 992 iam
231 916 450 1008 iudicavimus
474 939 513 1013 p.
541 914 603 988 22.
630 914 693 990 23.

461 1081 595 1156 Car.
648 1079 697 1154 II.

216 1256 295 1330 Dra
318 1276 446 1351 macca
471 1249 684 1327 Etruscorum
708 1247 935 1328 Maeronoma.
1018 1263 1020 1270 '

90 1409 120 1486 Ῑ.
155 1410 234 1486 Dea
251 1406 469 1481 Etruscorum
486 1403 702 1480 Mo'eronoma
719 1408 807 1480 dicta
824 1434 972 1486 ransart
994 1433 1111 1488 terrra

49 1539 177 1590 rurum
201 1534 336 1584 aaran.
514 1539 517 1544 ¹

95 1615 187 1687 Nam
212 1612 283 1682 Deo
307 1607 384 1707 illc,
411 1629 509 1706 quum
533 1601 651 1706 paullo
678 1631 778 1706 supra
803 1603 1042 1710 descripsimus
1066 1634 1107 1710 p.

47 1717 106 1789 81.
125 1715 191 1786 82.
208 1706 531 1807 conpotesthuberi
544 1707 608 1798 nisi
621 1709 786 1780 Adrastia
810 1721 845 1780 et
870 1709 1019 1784 Fortuna
1042 1736 1113 1784 ma-

28 1832 113 1914 'gua
137 1812 381 1902 Etruscorum
410 1822 444 1880 et
470 1807 595 1880 dicitur
621 1831 772 1898 rursum,
800 1821 835 1880 et
860 1835 994 1884 rausum
1019 1811 1111 1910 pori·

45 1929 100 1988 ter
125 1911 318 2010 appellatur
343 1907 378 1978 in
402 1907 471 1983 alio
485 1905 633 2004 Speculo
658 1905 805 1998 funebri,
824 1910 917 2004 quod
941 1911 1114 1984 describe·

45 2038 128 2088 mus
153 2007 277 2108 capll.
297 2007 372 2080 n.3.
392 2006 438 2078 Es
462 2008 493 2079 si
518 2007 603 2100 Dea,
631 2031 718 2104 qnae
742 2007 882 2094 Herculi
907 2007 975 2094 [ata
998 2021 1034 2082 cl
1055 2035 1112 2084 uc-

47 2135 184 2186 rumuas
209 2107 318 2206 aperit
342 2107 376 2178 in
403 2107 564 2202 Speculo,
590 2105 685 2208 quod
702 2119 912 2206 'exponemus
947 2107 1040 2180 Sect.
1068 2111 1114 2184 V.

47 2238 130 2310 cap.
150 2213 188 2282 ln.
211 2210 290 2308 ipsa
307 2219 359 2278 est
374 2203 550 2297 Adrastia,
570 2220 603 2279 et
620 2203 742 2280 dicitnr
759 2232 863 2282 arura
889 2233 957 2280 uon
978 2233 1114 2284 rausum

49 2315 92 2387 fit
118 2311 197 2408 quin
222 2306 336 2382 Radix
362 2321 455 2390 &tta
479 2330 566 2378 rusa
591 2309 703 2405 potuit
728 2309 821 2381 uario
850 2308 953 2380 modo
986 2307 1112 2382 efferri.

52 2415 146 2484 Tum
172 2411 202 2480 si
227 2407 440 2506 Theologice
465 2423 567 2495 mater
590 2405 763 2504 Apollinis
787 2407 917 2482 latidioi
945 2407 1014 2482 alia
1040 2435 1114 2483 essa

51 2538 126 2586 non
151 2509 265 2607 potnit
288 2508 350 2580 nisi
376 2507 539 2580 Adrastia
563 2504 777 2580 Moerocoma
814 2523 847 2580 el
890 2511 1019 2582 Themis
1043 2533 1111 2582 mo-

53 2635 121 2708 gna
144 2661 153 2699 ,
180 2611 295 2706 ulique
319 2606 453 2680 Latona
476 2606 650 2708 Apollinis
669 2605 777 2680 Matar
800 2609 964 2694 Adrastia
988 2606 1118 2682 habeu-
1232 2649 1237 2664 ·

52 2713 100 2784 da
127 2723 190 2782 est:
216 2711 368 2804 adeoque
392 2707 427 2780 in
451 2707 597 2806 Speculo
622 2705 767 2782 Etrusco
792 2707 938 2800 funebri,
963 2706 1057 2805 quod
1072 2733 1114 2784 a·

53 2811 164 2884 ditum
188 2825 239 2882 cst
251 2810 283 2880 in
301 2808 393 2882 Mus.
419 2808 551 2882 Clusino
569 2805 703 2882 Toml.
725 2808 815 2885 Tab.
830 2811 913 2882 108.
930 2833 967 2906 p.
979 2809 1111 2882 9899.

55 2925 90 2984 el
115 2935 185 3008 quo
210 2907 351 3009 pulcher
375 2907 500 3008 Apollo
516 2933 623 2982 urunu
640 2933 719 2982 arcu
744 2923 863 3006 parato
893 2909 1111 3006 conspicitur,

60 3018 135 3083 eum
162 3011 257 3107 quasi
283 3009 527 3107 complectente
553 3008 699 3082 Meliore
715 3009 895 3106 proxima,
923 3034 1008 3106 quac
1033 3009 1117 3084 dici·

60 3125 113 3184 tur
143 3137 282 3200 aarum,
310 3109 392 3182 hanc
417 3135 527 3182 aarum
554 3108 702 3182 dicemus
726 3109 826 3180 etiam
849 3109 1056 3204 Adrartr'am,
1081 3121 1119 3184 ut

60 3212 183 3284 iterum
207 3211 292 3308 Cap.
319 3209 382 3280 vl.
411 3235 444 3280 n.
474 3208 511 3282 3.
540 3223 574 3283 ct
597 3208 684 3282 adeo
709 3207 866 3283 faciemus
903 3209 1050 3287 eandem
1078 3233 1120 3286 ac

61 3327 200 3392 rausum
226 3324 260 3384 et
285 3333 400 3380 urnis:
416 3307 500 3382 Nam
525 3308 564 3385 fit
579 3333 696 3382 nomen
723 3337 743 3382 a
767 3295 846 3396 nnlt
871 3339 935 3392 ,urr
952 3312 1120 3397 obvolvere
1153 3309 1157 3318 ’

63 3415 253 3502 involvere,
279 3429 348 3508 my
375 3435 442 3480 orn
463 3463 474 3502 ,
493 3428 552 3500 uu,
567 3435 722 3510 respousa
735 3413 870 3486 oracula
900 3435 1000 3486 voces
1013 3409 1119 3503 Γαίας

61 3513 138 3608 quia
178 3510 247 3582 fata
272 3509 450 3584 involuta:
478 3511 615 3609 etipsa
650 3507 785 3586 Aatoaa
822 3511 1025 3586 Graecorum
1048 3535 1119 3590 non
1208 3547 1210 3552 ·

62 3624 176 3709 potest
200 3611 317 3684 haberi
341 3613 408 3684 nisi
432 3635 550 3708 magua
574 3609 714 3704 Paroa5
741 3611 786 3686 Et
811 3613 842 3698 si
860 3627 985 3686 certum
1007 3623 1119 3686 estex

65 3711 235 3786 Athenaeo
260 3713 420 3811 Deipuos.
448 3712 547 3784 Libr.
575 3709 676 3786 XIV.
698 3736 785 3811 pag.
815 3712 901 3785 ort.
941 3711 1118 3786 simulacra

63 3813 213 3886 Latonae
238 3810 325 3884 facta
349 3811 450 3884 [nisse
475 3811 628 3886 informia
652 3825 687 3884 et
710 3813 856 3912 pataica,
882 3814 955 3888 iure
979 3810 1117 3908 colliga

64 3936 135 3984 mus
160 3910 306 3984 habitam
330 3913 434 3988 Deam
459 3911 679 4004 thotioam,
705 3929 739 3988 et
763 3914 859 4000 adca
873 3913 961 4009 ⁴iure
997 3905 1112 3984 haberi

64 4035 138 4082 cum
159 4011 288 4087 Venere
310 4012 509 4100 Proarclrica
532 4010 666 4084 Parcam
706 4039 853 4110 magnum
879 4029 913 4084 ct
937 4009 1113 4082 Moeroao-

70 4137 158 4183 mam
184 4113 299 4194 Dani.
324 4117 377 4193 Ile
402 4113 537 4194 nomine
562 4137 669 4187 nuruu
695 4113 825 4213 dicetur
842 4115 935 4232 Scep·
955 4105 1020 4182 IV·
1040 4101 1118 4184 Μ’·
