2924 5036
1279 138 1281 145 a
1332 69 1335 76 “

414 229 487 298 312
1434 203 1435 226 ’

383 328 507 422 quibus
532 338 607 394 sunt
632 327 797 396 chia-chia
822 318 969 391 acumina
995 339 1048 385 res
1074 317 1204 400 acutae,
1224 313 1339 407 spinae:
1354 315 1402 382 de·

328 497 330 506 ,
384 433 425 498 de
451 425 509 496 hic
533 424 608 496 illie
628 449 639 515 3
658 439 691 494 et
714 421 808 494 Remi
834 446 983 523 qao-qao
1008 413 1168 502 tortuosi,
1187 411 1329 486 distorti.
1345 413 1403 486 llic
1434 435 1435 506 r

367 529 514 602 Domus.
802 556 804 565 ν
861 549 868 566 ,
999 549 1004 556 ·
1149 538 1156 555 ⁸
1434 541 1435 562 2

422 639 512 714 ἾῚΠ,
542 649 620 713 cun,
652 617 887 706 Chia-De-Rc,
914 613 1102 689 cubiculum
1127 608 1309 706 penetrale,
1333 633 1397 703 pars

369 727 499 799 Domus
524 722 691 794 interior:
721 749 758 795 ea
782 743 899 814 nempe
924 741 989 814 qua
1014 716 1089 810 quis
1115 714 1286 782 chia-chia
1309 731 1401 800 maner¹
1434 751 1435 760 κ

370 851 438 920 qua
463 823 629 913 inhaeret,
657 823 768 914 cahat,
797 819 934 907 dormit,
963 816 1023 888 sed
1048 811 1211 909 seposita,
1239 811 1347 906 posita
1358 809 1403 876 de·

369 930 431 1014 cle,
458 923 622 1019 peculiari
646 936 680 993 et
705 933 858 1019 separato
883 919 977 1006 loco,
1005 929 1039 986 et
1063 913 1108 984 ad
1132 917 1232 1006 quem
1255 933 1338 982 re-rc
1361 931 1407 977 er·

374 1019 573 1094 currendum
598 1037 663 1114 est,
690 1026 768 1116 quia
794 1019 932 1090 interior
957 1028 992 1086 ct
1016 1011 1202 1112 penetrale.

427 1125 528 1209 Nata,
556 1145 632 1210 cas,
665 1117 950 1192 Chia-De-Scla‘a:
980 1117 1176 1200 instaurare,
1215 1119 1405 1192 restaurare,

372 1245 547 1293 renovare:
576 1220 704 1318 Nempe
729 1221 794 1292 Rei
819 1226 907 1293 sciria
931 1241 997 1315 nou
1014 1217 1109 1300 acha,
1138 1209 1279 1294 fractae,
1305 1219 1406 1302 ruptae

375 1344 576 1416 oppressae,
604 1323 724 1409 veteri,
751 1323 898 1416 ineptae3
925 1320 1022 1386 de-dc
1040 1313 1134 1398 dare,
1152 1307 1293 1395 addere,
1308 1327 1407 1416 super-

374 1419 502 1491 addere
527 1419 592 1492 alia
619 1415 797 1507 meliera'r'
814 1433 898 1518 qu'ae
924 1417 1096 1488 chia-chia
1120 1407 1345 1494 adhaereant,
1365 1427 1407 1478 rn·
1434 1499 1435 1508 ἵ

375 1520 546 1611 haereant,
573 1535 734 1592 maneant.
759 1521 854 1590 ‘Haec
878 1513 1073 1587 restauratio
1099 1523 1162 1580 est.
1387 1599 1393 1614 .

380 1665 385 1676 ·
427 1634 512 1710 arn,
540 1647 618 1709 cun,
650 1621 815 1711 ciriaca·
842 1616 1013 1704 Debitum,
1039 1602 1407 1708 quoddehetnralter13

373 1717 505 1812 Nempe
531 1721 625 1814 quod
643 1718 880 1815 ,adponendum
906 1729 958 1784 est
982 1715 1083 1789 brt-ba
1107 1704 1316 1817 tribuendum
1338 1701 1407 1773 alte-

375 1818 422 1908 ri,
449 1830 487 1886 ut
514 1821 674 1892 chia-chia
699 1833 857 1908 maneat,
885 1815 1067 1903 inhaereat,
1093 1823 1131 1906 ut
1156 1826 1369 1915 properares.

430 1936 509 2006 tart,
537 1945 617 2008 cue,
650 1917 835 2007 Chia-Gha3
862 1913 1040 2004 Circinare,
1052 1906 1216 1982 circulum
1230 1901 1406 2014 describere,

377 2016 554 2112 ingyrum
581 2019 678 2090 uerti:
706 2015 834 2112 Nempe
860 2014 1033 2102 etta-etia,
1048 2017 1154 2081 cira-ee
1182 2021 1235 2078 est
1259 2003 1355 2116 ligere·
1373 2024 1411 2068 ru-

378 2115 485 2212 figere
511 2140 636 2212 ponere
662 2142 738 2186 crus
761 2115 893 2202 circini,
920 2113 974 2184 rel
988 2112 1106 2209 pedem
1119 2120 1285 2192 nostrum,
1303 2115 1333 2170 et
1347 2097 1408 2170 rude

374 2217 514 2311 yle-phe
540 2215 713 2314 impellere
739 2217 880 2287 alterum
896 2239 973 2296 crus
999 2213 1177 2310 ingyrum.
1193 2231 1262 2304 quo
1287 2199 1408 2272 circulus

376 2327 571 2412 peragatur.
1024 2363 1025 2368 η
1434 2325 1435 2328 ’

341 2472 345 2480 .
430 2424 514 2504 nan,
537 2440 619 2501 ¹cue,
652 2413 851 2506 Chia-Chia,
880 2413 997 2506 Spina,
1022 2411 1150 2504 hamus,
1178 2407 1335 2488 uncinus,
1358 2418 1410 2510 l⁰¹

380 2511 502 2584 literae
528 2511 826 2603 characteristica,
872 2513 1115 2586 adhaerentiam
1141 2521 1175 2578 et
1202 2507 1412 2578 inhaerentem

380 2627 517 2701 notans,
546 2639 645 2710 quam
670 2611 749 2684 facit
773 2615 910 2684 uncinus
936 2627 970 2682 et
994 2611 1120 2682 hamus.
1374 2699 1379 2712 .
1434 2625 1435 2628 ’

431 2731 518 2802 man,
547 2737 649 2800 curn,
679 2709 1001 2806 Chia-Thebilum
1027 2707 1211 2782 funiculus:
1239 2702 1312 2792 Quo
1334 2696 1407 2768 che·

381 2812 456 2882 alric
481 2809 661 2882 adhaerent
686 2811 857 2884 inhaerent
881 2805 1128 2908 coniunguntur.
1162 2801 1409 2892 resdisiectae;
1434 2903 1435 2908 ἵ

381 2921 417 3002 et
443 2923 555 2980 mutuo
581 2911 756 3007 adpositae
782 2913 918 2984 tna-rte:
1140 2919 1143 2926 ⁴

432 2993 514 3099 hta,
543 3035 645 3079 enar:
676 3011 835 3084 Chia-La:
862 3009 1019 3099 Dolere,
1046 3009 1190 3082 timere:
1219 3019 1329 3076 vocem
1352 2988 1411 3064 tet

381 3106 520 3194 tollere,
548 3107 628 3205 quia
654 3109 799 3182 inhaesit
825 3113 900 3182 chia
924 3107 1039 3180 dolor.
1060 3091 1129 3188 bat-t
1153 3131 1217 3176 cun
1235 3121 1344 3200 parere
1358 3089 1411 3160 loc

379 3221 450 3278 tum
476 3207 586 3278 edere:
617 3207 746 3306 Nempe
772 3213 848 3281 lale
874 3209 997 3284 eiicere
1020 3209 1188 3305 prolicere
1214 3199 1306 3304 quod
1329 3206 1407 3264 utere
1434 3301 1435 3310 ἵ

381 3311 553 3378 cleia-chio
579 3308 781 3380 adhaerebat
806 3308 1011 3380 inhaerebat.
1323 3373 1325 3378 ,

437 3392 506 3490 batn
531 3432 620 3478 cnm
648 3431 746 3479 arena
773 3411 1088 3504 pulvisarenosus:·
1111 3407 1171 3501 qui
1197 3391 1413 3477 ania-ettae

378 3507 542 3602 prenditur
568 3505 725 3600 pedihus,
754 3523 788 3578 et
812 3509 973 3580 inhaeret.-
1007 3521 1041 3577 et
1066 3507 1142 3579 lc-lc
1173 3499 1341 3602 proiicitur
1363 3507 1411 3556 ⁰¹¹·

381 3607 470 3676 citur
496 3603 698 3676 ambulando
723 3621 757 3678 et
783 3606 961 3679 movendo.
1182 3675 1183 3680 ,

433 3723 524 3793 Μ
550 3728 661 3795 enus,
691 3707 900 3779 Chia-Sciet
925 3703 1083 3784 Misereri
1110 3725 1274 3800 parcere:
1301 3689 1409 3803 Nttsspl

384 3805 553 3876 ahia-chia
578 3803 748 3875 inhaerere
772 3806 954 3878 adhaerere
978 3805 1098 3875 alicus:
1118 3813 1255 3884 scia-sce
1273 3801 1404 3870 suaviter,

384 3904 550 3995 molliter,
578 3905 696 3998 amice,
723 3929 812 4007 quae,
834 3905 944 4006 pietas
970 3917 1004 3976 et
1029 3901 1260 3979 misericordia
1284 3905 1340 3968 est·
