2924 5036
61 317 138 391 haec
163 313 373 402 Καίιῃᾱανία
397 309 498 392 nosse
520 328 563 402 ct
581 327 695 397 tenera
718 319 889 398 debehat:
918 323 986 412 iun
1001 337 1004 344 '
1021 333 1055 400 'et
1080 351 1119 406 ea

27 433 28 442 ’
62 416 124 490 sihi
147 414 361 514 expingere,
389 413 575 516 effingere,
601 438 864 518 repraesentare.

104 517 208 590 Smer.
227 513 338 592 XII.¹
353 516 544 590 Astroaomi
566 517 661 594 Jcrar'a'
684 537 716 594 at
739 523 879 624 Bithyni
894 552 918 596 a
934 543 1025 598 reato
1042 551 1119 598 roe-

61 621 128 692 cato
153 617 399 693 Proclariatr'aao
426 621 474 692 od
520 637 653 696 aonam
694 639 844 698 auctores
869 631 939 696 aeri
961 641 993 698 et
1014 653 1117 724 proe-

61 723 146 820 cipaa‘
181 713 458 818 Uraaoqraphioa
486 644 639 798 droam
663 735 695 794 'et
719 740 851 799 aeaeae
875 741 951 798 rant
975 729 1121 807 habendi

62 838 89 892 at
107 819 348 918 praedicandi.
486 899 488 905 k
1041 902 1045 915 ¹

105 923 141 992 t.
170 915 259 992 Nam
283 916 319 988 hi
345 929 379 990 et
403 931 586 1016 potuerunt
602 918 765 996 adnotare
788 937 824 996 et
849 921 1046 1014 mearant,
1060 951 1119 1001 ex·

60 1021 198 1120 pingere
224 1018 260 1090 in
287 1017 429 1092 Tabulis
453 1019 694 1119 Morphumata
722 1023 883 1098 Coelaatia
914 1038 949 1096 et
965 1027 1116 1116 Zoda'a,
1179 1073 1182 1080 ·

59 1143 137 1219 quac
162 1143 207 1190 ex
230 1117 334 1190 variis
359 1117 541 1194 Itineribus
579 1119 703 1194 reversi
737 1121 923 1200 referebant
946 1138 982 1198 et
1006 1150 1120 1201 narra-

58 1222 133 1294 bant
159 1218 256 1291 domi
284 1219 505 1296 Mercatorca.
534 1219 578 1291 Et
603 1221 745 1320 primam
774 1221 931 1322 proiecta
955 1223 1116 1298 Graecam
1215 1265 1217 1270 .

63 1320 353 1416 Uraaoqraplziom
370 1318 539 1392 conditam
562 1319 606 1392 ab
622 1322 877 1396 Anaximandro
893 1323 1024 1398 Milesio
1050 1325 1117 1396 cir·

60 1447 92 1494 ea
116 1447 196 1494 ann.
229 1418 314 1490 540.
342 1419 623 1493 Prochristianum
647 1446 708 1519 per
732 1421 819 1496 hunc
843 1424 944 1520 plane
978 1423 1113 1498 modum

59 1521 225 1594 conditam
243 1519 428 1592 'tenendum
452 1535 533 1612 est3
573 1535 608 1594 et
632 1521 749 1601 cedem
775 1521 877 1594 moda
903 1538 1031 1598 aaetaru
1056 1523 1117 1600 de·

59 1622 192 1718 inceps,'
208 1631 244 1692 nt
262 1618 398 1694 credere
422 1634 575 1718 pareat,
594 1647 612 1694 a
631 1621 786 1719 pluribus
817 1621 1028 1700 hstranornis
1052 1625 1113 1695 Jo-

59 1723 144 1812 niis‚
175 1735 210 1790 et
235 1719 446 1817 potissimum
472 1746 491 1793 a
522 1722 700 1796 Cleostrata
730 1721 889 1810 Tenedia
916 1726 973 1821 qui
999 1724 1111 1821 aliqua

60 1822 230 1894 Schemate
255 1815 389 1892 addidit
414 1845 433 1891 a
460 1843 496 1892 aa
533 1821 712 1916 preposita
733 1845 756 1896 ε,
788 1835 822 1892 et
863 1821 911 1894 ita
953 1823 1113 1918 deinceps

61 1947 167 2018 nsque
191 1918 273 1992 dum
297 1917 350 1992 air
374 1943 510 2018 magnus
534 1919 694 1994 Eudorus
719 1918 860 1992 Cnidius
885 1922 928 1998 ad
954 1921 1046 1992 iiiam
1064 1924 1111 1994 ic·

59 2021 255 2095 reformem
280 2042 377 2118 qaam
402 2021 555 2093 novimas
579 2019 706 2118 ingenti
724 2020 839 2092 stadia
865 2036 898 2092 et
923 2046 1041 2117 magna
1058 2047 1115 2094 cu-

62 2147 96 2194 ra
118 2119 277 2212 adduxit,
306 2119 473 2220 quidquid
509 2121 544 2196 in
581 2145 656 2196 cum
681 2119 787 2194 maier
812 2120 1038 2220 Hipparchus*
1054 2123 1117 2194 oh·

57 2222 183 2295 iecerit.
346 2285 350 2296 .
864 2289 870 2302 ,

108 2328 146 2396 2.
178 2320 222 2392 Ει
246 2318 401 2420 profecto
426 2320 484 2397 ahi
509 2333 634 2399 attente
658 2317 878 2404 examinamus,
894 2322 1010 2404 Zoitia
1028 2321 1116 2405 Uro-

62 2425 268 2521 ooprapla‘oe
294 2420 471 2515 Graecae,
513 2421 645 2503 omnino
670 2447 708 2494 ea
734 2435 808 2494 orta
847 2448 888 2493 ex
917 2422 1053 2496 confusa
1078 2439 1114 2504 et

61 2523 197 2597 turbida
222 2522 451 2621 descriptione
479 2524 796 2596 Astorosclaeraatam
833 2522 1108 2598 Kalendariorurir

63 2625 288 2698 Mercateram
313 2623 725 2698 Joniomm.=1aucubi
755 2622 789 2694 in
816 2621 959 2694 Tabulis
989 2621 1113 2708 Anari-
1164 2672 1166 2681 s

62 2724 246 2796 umndracis
272 2723 326 2796 via
352 2724 446 2799 Solis
463 2723 534 2798 sire
558 2725 705 2800 Zodr'oci
721 2721 824 2794 [ascia
841 2720 1029 2796 definienda
1047 2721 1112 2794 init

63 2825 206 2922 primurn
230 2823 358 2922 Septem
384 2825 421 2896 in
446 2847 484 2894 ea
509 2837 634 2900 tantum
658 2821 714 2898 vel
742 2837 819 2896 octo
845 2823 961 2897 Zodio
986 2821 1114 2894 indica·

63 2937 111 3016 ta,
140 2923 217 2996 hinc
240 2938 321 3022 post
350 2924 706 2999 Cleostratumnovem
730 2924 786 2997 ael
812 2919 945 3014 decem,
971 2935 1021 3005 nt
1042 2937 1114 2994 tan-

61 3025 137 3098 dem
160 3023 322 3100 Eadoaaa
346 3023 499 3098 undecim
523 3049 590 3101 non
615 3025 730 3125 plures
747 3023 953 3120 reliquerit,
981 3022 1060 3122 quia
1078 3048 1117 3093 er

61 3123 209 3220 generali
235 3123 464 3219 descriptione
489 3125 641 3201 undecim
666 3151 735 3198 non
759 3123 861 3220 plura
885 3121 1057 3196 Schemate
1082 3122 1119 3198 iu
1157 3147 1160 3156 ⁴

61 3225 121 3298 ilia
146 3228 254 3316 sarcio
279 3224 483 3298 incidebant.
956 3291 959 3300 .
1072 3265 1074 3272 a

110 3326 145 3398 3.
176 3323 263 3396 Tum
288 3349 331 3402 em
353 3323 420 3398 aiie'
444 3339 540 3422 parte
557 3322 908 3418 Meqolorclrcmotibar
926 3320 1118 3418 &anapra-

59 3423 335 3523 pla'eis'G'raccic
359 3438 482 3504 attente
508 3421 727 3500 consideratis
753 3425 841 3496 clare
859 3423 1017 3496 sentimus
1042 3448 1117 3494 esse

63 3525 95 3595 in
122 3525 173 3598 eis
195 3524 370 3598 Schemate
395 3525 496 3603 Cocli
520 3525 711 3618 Amathai,
737 3522 990 3613 Goelistaici,
1016 3522 1117 3596 Cocli

63 3629 195 3724 Arpini,
223 3625 320 3706 Caeli
333 3626 480 3700 Bocotiei
494 3639 560 3700 etc.
577 3625 664 3700 Tum
681 3627 808 3722 recepti
834 3623 941 3701 Pisces
958 3623 1117 3722 Euphro-

63 3744 178 3820 toares;
205 3739 344 3824 uterquc
373 3729 474 3800 canis
498 3726 603 3826 Syrus
623 3753 633 3818 3
666 3723 781 3817 Orion,
801 3727 960 3822 etLepas
988 3725 1117 3796 Palae-

65 3833 153 3918 stini,
180 3841 219 3897 ut
243 3840 277 3897 et
301 3827 487 3924 Scorpiacj
513 3824 646 3926 Hydra,
679 3826 815 3917 Corvas',
843 3839 878 3896 et
907 3826 1024 3898 Crater
1047 3824 1117 3894 Ae-

9 3923 11 3929 ’
65 3932 202 4031 pyptii3·
220 3939 254 3998 et
278 3929 327 4000 ita
350 3951 466 4024 perro.
496 3930 534 3950 ‘'
778 3941 784 3952 '
828 3943 832 3954 '

122 4029 158 4098 h,
189 4025 308 4122 Quin,
337 4029 366 4100 si
391 4027 426 4100 in
450 4023 674 4100 Sclaemoatao
701 4023 982 4130 Uorraopraplrr'eis
1002 4019 1116 4100 'Genea
