2976 5032
51 417 122 468 rom
143 392 364 464 Etruscarum
386 383 582 486 explicanda
605 403 702 490 atque
718 389 940 490 intelligenda
962 405 1014 464 est
1036 389 1102 464 uti·

52 493 233 582 hesimus,
260 501 294 560 et
318 487 351 560 in
375 487 493 586 quihus
509 487 646 579 Gorius,
664 491 846 579 Passerius,
865 492 1010 565 bauains
1052 493 1106 564 lu-

51 594 105 665 res
130 587 356 665 absurditates
380 589 596 662 cumularunt.
624 591 798 664 Praecedit
831 589 978 664 Medusa
1038 594 1104 664 lra-

52 694 259 790 natoplrora,
284 689 362 787 quia
385 687 466 760 haec
490 713 577 786 quae
601 689 842 791 coniunguntur
867 689 1051 788 abrumpet,
1069 703 1107 765 et

54 793 92 864 in
122 791 313 880 Tartantm,
340 787 435 860 cuius
460 803 512 860 est
527 789 725 886 symbolum,
745 791 864 865 iterum
882 789 1000 890 rapiet.
1021 787 1109 862 For-

55 915 141 962 mam
155 903 259 962 autem
272 899 392 960 cenam
409 885 599 960 distinctam
614 889 764 988 pulcram
772 889 898 992 Psyche
915 887 1023 962 adhuc
1039 914 1108 962 nou

54 988 169 1069 hahet,
183 1013 252 1060 nam
268 986 381 1060 umbra
397 1001 449 1059 cst
461 1001 524 1060 ets
549 987 657 1064 iritus.
676 987 723 1062 At
735 992 920 1066 Mercurius
937 988 1007 1066 sire
1019 987 1108 1062 llor-

56 1115 121 1161 mos
132 1089 257 1186 Typus
269 1086 430 1176 Hominis,
446 1013 640 1184 Symbolum
653 1087 792 1164 Generis
805 1088 949 1182 humani,
964 1095 1109 1182 sormam

53 1188 147 1261 etiam
169 1186 320 1286 Psychae
337 1185 493 1282 adsignat
517 1199 551 1258 et
576 1189 754 1262 humanam
777 1190 873 1262 lacit:
893 1201 928 1260 et
951 1213 1018 1260 nou
1044 1183 1108 1259 du·

52 1285 124 1386 bito
147 1288 237 1388 quin
262 1284 368 1361 Stella
394 1284 565 1358 Mercurio
590 1284 718 1360 adiecta
743 1289 788 1361 sit
805 1288 950 1380 Lucifer,
964 1285 1024 1386 qui
1040 1284 1108 1360 Po-

49 1396 83 1461 ni
106 1401 141 1461 et
158 1387 260 1480 ‚rnna
285 1387 421 1486 saepius
445 1385 481 1457 in
513 1386 601 1458 vasis
631 1383 734 1460 Pictis
763 1401 798 1461 et
824 1385 1112 1486 Dramatograptis

51 1489 137 1561 solet
170 1483 330 1584 adponi,
355 1501 395 1558 ut
419 1483 605 1582 symbolum
628 1485 814 1560 nativitatis
837 1501 871 1560 ct
888 1499 994 1560 ortus.
1019 1485 1113 1560 'l'an-

49 1588 123 1662 dem
158 1583 321 1684 procedit
345 1587 587 1676 Minotaurus,
614 1585 802 1684 symbolum
834 1591 1051 1684 perorationis
1074 1597 1112 1658 et

23 1781 25 1785 v
48 1685 205 1766 methodi
230 1685 516 1785 Empsycltosoos,
543 1684 588 1759 de
613 1711 682 1784 quo
708 1685 863 1782 symbolo
887 1685 988 1784 longe
1013 1683 1110 1783 gravi
1158 1759 1163 1770 ,

49 1801 84 1859 et
108 1787 278 1859 elemento
303 1787 445 1858 maximo
471 1783 664 1876 Theseidis,
683 1798 720 1856 et
744 1783 982 1878 lleraoleidis,
1008 1785 1110 1883 plura

45 1899 194 1983 possent
217 1884 381 1980 adnotari,
408 1883 440 1958 si
464 1897 674 1983 opportunus
700 1897 790 1954 osset
814 1884 869 1956 hic
891 1883 1002 1958 locus.
1023 1885 1109 1956 Nam

46 1985 218 2080 Pasiphae
231 1983 354 2083 Psychc
371 1997 436 2078 cst,
450 1997 521 2056 tota
532 1983 607 2072 lun,
625 1979 686 2054 sed
703 1981 936 2055 Generationis
951 1981 1111 2056 humanae

46 2079 225 2156 desiderio
248 2097 415 2182 correpta,
442 2107 560 2180 nempe
588 2074 735 2158 Taurum
757 2095 866 2174 amat3
885 2081 984 2154 Unde
1002 2082 1112 2179 gigui-

44 2197 104 2256 tur
119 2181 366 2302 'Minotanrnp
395 2183 467 2256 sive
491 2181 622 2274 Homo,
649 2180 684 2252 in
708 2180 807 2254 huius
831 2183 921 2254 ritae
944 2180 1113 2279 Labyrin-

38 2284 104 2357 tho
123 2280 336 2356 claudendus
349 2295 384 2354 ct
400 2279 617 2358 exercendus:
636 2281 739 2362 Cuius
756 2281 897 2354 mortale
913 2280 1017 2354 fatum
1036 2279 1112 2380 'ry-

40 2408 112 2484 pus
138 2379 276 2482 divinus
302 2379 532 2456 Theandricns
563 2381 711 2454 Theseus
740 2379 888 2455 domabit
916 2393 951 2454 et
982 2379 1106 2454 vincet.

44 2481 151 2557 Adeo
180 2493 217 2552 ut
241 2479 271 2551 si
341 2481 371 2554 is
395 2495 490 2556 antea
513 2481 737 2556 exclamavit:
773 2479 855 2580 Quis
884 2483 1029 2555 Marnhit
1060 2506 1111 2555 mc

44 2587 91 2654 do
117 2605 251 2675 corporo
275 2503 396 2656 llinis
419 2585 544 2654 latas:
573 2581 683 2680 Epist.
703 2580 748 2654 ad
768 2581 911 2653 Roman.
925 2605 957 2654 c.
971 2579 1053 2656 vn.
1068 2607 1105 2654 v.

48 2681 111 2754 24.
140 2675 241 2753 Alius
264 2677 397 2756 addet:
428 2677 490 2754 Ubi
513 2697 561 2755 cst
585 2681 680 2757 Mon
704 2687 840 2756 victorio
865 2695 955 2766 tna,
982 2681 1038 2752 nbi
1065 2693 1113 2754 ert

50 2780 147 2876 Mons
163 2781 312 2854 stimulas
329 2783 427 2856 tansi
444 2779 555 2880 Epist.
578 2785 610 2853 l·
625 2781 669 2856 ad
682 2779 835 2857 Corinth.
852 2803 882 2854 cs
898 2775 980 2853 XV.
995 2803 1028 2853 v.
1046 2777 1106 2850 55.

50 2881 103 2953 Dc
119 2879 302 2953 Aascribas
318 2894 426 2954 autem
446 2879 670 2956 Gcacrotionis
687 2893 722 2953 et
736 2880 851 2978 Priapi
868 2879 1031 2976 symbolis
1049 2876 1111 2950 ad-

47 2979 292 3074 notavimusin
317 2982 455 3079 Alpano
479 2980 620 3055 Etnrsco
645 3005 714 3053 non
738 3001 856 3080 pauca.
888 2977 940 3066 De
969 2977 1110 3077 Toipsy-

45 3083 164 3152 =otisno
182 3079 316 3152 modom
329 3079 485 3154 Veterum
497 3095 628 3178 praeter
654 3093 785 3153 ceteros
809 3075 1107 3150 animadverterunt

49 3179 143 3274 plura
168 3179 351 3254 Salmasius
367 3181 403 3253 in
418 3173 541 3278 lt'pict.¹
556 3197 587 3254 ot
603 3177 749 3282 Simplicss
763 3203 844 3278 pag.
860 3177 949 3256 256.
967 3173 1056 3256 257.
1071 3187 1106 3252 et

52 3279 261 3358 Moshemius
285 3278 331 3364 ad
359 3280 549 3372 cnonas.
564 3279 613 3355 ll·
628 3305 667 3386 p.
683 3280 771 3358 399.
785 3280 870 3356 400.
