2924 5036
292 305 296 316 “
328 311 538 408 Theologioa
561 309 781 388 Astronomia
799 325 877 386 vera
901 325 936 386 et
959 311 1103 412 Physiua
1144 327 1217 390 erat
1238 331 1381 414 prorsus

328 414 430 488 nihil.
459 414 503 486 Et
528 413 666 512 quidsi
691 426 729 486 tn
753 411 938 492 memineris
964 412 1144 490 Chaldaeis
1186 429 1287 516 atque
1313 415 1381 490 Aa·

325 515 458 612 gyptiis
481 512 612 588 Annum
637 515 772 612 Sacrum
797 526 831 585 et
855 515 941 588 adea
984 514 1236 592 Genethliaoum
1273 517 1376 590 luisse

323 639 443 713 vagum
466 625 501 690 at
526 613 747 704 decurtatum,
767 627 801 686 et
817 613 902 689 adeo
927 629 1008 712 post
1032 616 1160 716 viginti,
1177 618 1233 690 vel
1258 619 1377 715 trigin-

324 727 361 786 ta
384 739 488 790 annos
512 716 587 812 ipsa
612 729 764 812 tempora
806 739 880 790 esse
918 715 1122 788 sensibiliter
1146 717 1232 791 falsa
1256 731 1294 790 et
1319 719 1376 790 ab·

326 814 430 890 sarda
445 817 467 896 l,
484 813 595 912 Atqui·
616 815 795 911 Theologo
820 815 996 892 Chaldaeo
1015 829 1049 886 et
1066 815 1237 916 Aegyptio
1263 818 1375 891 omnia

327 915 584 1016 absolvebantur
608 941 674 988 non
698 940 760 1012 per
773 912 926 990 'Caelum
952 941 1067 989 varum
1090 931 1125 990 et
1149 917 1242 992 reale
1261 970 1273 1008 ,
1294 933 1300 946 ⁷
1320 917 1377 990 sed

325 1039 389 1112 per
418 1015 645 1111 Theolopr'oum
670 1017 875 1090 Deoemeu‘m
900 1029 934 1089 et
958 1019 1232 1106 Daemonium,
1259 1029 1295 1088 et
1313 1033 1379 1115 per

235 1189 236 1194 ,
328 1113 471 1212 Cyolum
495 1115 734 1200 Kalendarium
758 1117 823 1190 iam
849 1116 1068 1190 constitutum
1092 1131 1127 1190 et
1151 1115 1356 1210 daturum„

665 1259 805 1394 amun
830 1285 1039 1386 Qururus

267 1506 270 1510 >
331 1487 375 1547 nu
402 1485 519 1554 ransrs
545 1483 590 1533 ar
615 1481 775 1534 aasuunrs
799 1483 961 1531 vnrnnurr
977 1453 1208 1533 remanorum
1226 1485 1377 1533 oureuu-
1447 1511 1448 1560 ,

623 1585 686 1635 nus
711 1585 755 1631 nr
780 1583 1082 1652 nnurvartournus.

382 1717 488 1788 Snor.
515 1713 546 1787 l.
576 1713 712 1792 Falsum
729 1730 776 1790 eat
790 1717 961 1794 Platonem
973 1717 1205 1792 Atheniensem
1222 1720 1281 1790 uel·
1293 1718 1377 1791 Tho·

331 1817 425 1890 lotem
449 1815 615 1894 Milesium
639 1822 764 1912 ipeotos
788 1832 889 1888 osteo
912 1817 1113 1908 Daemones,
1136 1817 1259 1892 Genios
1275 1825 1377 1892 aduri·

326 1925 475 2008 nistros,
502 1943 544 1990 eo
566 1920 771 1992 intermedius
794 1916 937 2014 Spiritus
957 1923 1104 2010 ,firmisse
1114 1923 1259 2016 primum
1285 1937 1375 2018 atque

322 2022 508 2092 inuexisse:
540 2015 639 2111 Quod
656 2035 793 2118 praeter
814 2035 939 2090 eeteros
962 2046 1069 2116 uapor
1084 2024 1224 2094 suamne
1241 2021 1376 2094 adnisus

324 2118 660 2192 eet-Emerr'e-Dueid
684 2125 719 2190 ie
734 2139 801 2192 'see
827 2145 995 2194 aursana.

376 2220 412 2290 l.
440 2215 587 2306 Primo,
615 2217 695 2314 quia
734 2217 878 2294 Naturas
915 2217 1073 2316 quasdam
1115 2219 1375 2309 haematitas,

324 2315 576 2412 aeromorphas,
587 2316 830 2420 intelligentes,
844 2317 1002 2408 mobiles,
1017 2333 1187 2412 actuosus,
1206 2339 1377 2396 non‘unus

325 2415 553 2514 Philosophus
576 2416 691 2510 Plato,
718 2441 786 2491 uon
810 2444 895 2490 nnus
919 2417 1139 2492 Astrunomus
1157 2420 1298 2512 Thales,
1314 2423 1377 2496 aad

177 2579 179 2583 ,
324 2530 359 2590 at
383 2515 543 2615 Epicurei
568 2537 694 2611 omues,
719 2530 758 2590 et
780 2543 891 2596 omues
915 2521 1051 2618 Poetae,
1078 2535 1112 2592 et
1136 2519 1243 2592 omnis
1268 2521 1377 2596 Homo

210 2705 212 2710 ,
325 2617 398 2696 sine
423 2617 570 2695 Graecus
596 2619 669 2690 sive
692 2617 869 2711 Barbarus,
897 2620 967 2699 sire
993 2621 1125 2716 Syrus,
1151 2621 1222 2696 sivo
1248 2619 1376 2718 Soytba·

323 2718 473 2818 eonoipit
498 2719 599 2792 laeile
623 2731 657 2788 at
682 2715 779 2814 lingit
797 2718 925 2812 animo,
941 2735 991 2802 ut
1015 2745 1117 2820 supra
1140 2720 1374 2796 animadverti·

324 2840 399 2900 mua
422 2841 462 2913 p.
490 2819 576 2888 229.
606 2817 695 2889 230.
723 2817 810 2892 232.
835 2820 928 2903 233.

370 2921 410 2992 rh.
439 2915 609 3008 seeundo,
637 2917 718 3016 quie
743 2919 960 2994 Traditioues
983 2917 1195 2999 Aelaniticus,
1222 2921 1262 2994 'et
1288 2920 1377 2996 Noa·

320 3017 452 3110 abisaa,
478 3017 664 3096 ¹certissima
689 3019 856 3118 Dogmata
881 3021 926 3094 de
949 3021 1073 3094 Charis
1098 3036 1133 3096 et
1166 3020 1375 3116 legionibus

321 3117 585 3218 Angel,ornm,et
608 3120 825 3210 Daemoraum,
840 3135 875 3192 et
899 3120 1084 3219 Spiritunm
1109 3121 1377 3196 administremus

249 3237 252 3244 ’
321 3244 389 3294 nen
414 3221 458 3297 ab
482 3221 557 3305 uuis
581 3221 758 3312 Hebraeis,
786 3245 853 3298 non
877 3221 920 3294 ab
946 3223 1020 3294 unis
1045 3219 1224 3314 Aruhibus,
1242 3247 1309 3294 non
1333 3223 1374 3294 ¹ab

320 3321 396 3395 uuis
424 3323 533 3420 Syris,
559 3319 620 3405 sed
644 3347 665 3392 a
691 3335 768 3398 toto
793 3321 864 3403 tero
888 3319 1017 3400 Genus
1041 3323 1184 3398 humano
1201 3323 1325 3397 serrari
1340 3333 1374 3394 et

321 3423 487 3495 custodiri
512 3419 713 3501 debuerunt.

371 3522 406 3592 3.
436 3523 570 3612 Tertio,
597 3522 676 3618 qnia
702 3549 818 3600 revera
842 3525 1002 3600 innumeri
1027 3525 1232 3616 Daemones,¹
1258 3522 1372 3615 Genii,

188 3673 192 3683 ·
321 3621 472 3716 Camilli,
500 3624 647 3719 Spiritus
670 3622 861 3705 ,administri
887 3625 1180 3724 deprehenduntur
1205 3625 1375 3700 iu'Theo-

184 3794 187 3806 ,,
320 3724 417 3822 logia
441 3739 480 3798 et
501 3724 681 3823 Religiouo
709 3725 965 3816 Chaldaeorum,
993 3722 1239 3823 Assyriorum,
1269 3720 1373 3824 Syro-

321 3849 411 3916 rum,
436 3827 562 3924 quiea
587 3825 715 3898 ratione
740 3827 846 3910 Zabii
870 3841 903 3900 et
932 3827 1122 3901 Tsebuistoe
1147 3829 1247 3898 etiam
1274 3825 1373 3896 modo

326 3927 551 4020 appellantur,
565 3926 643 4024 quia
656 3948 773 4024 nempe
786 3927 943 4006 Militiam
960 3930 1141 4011 Coeloruru,
1151 3941 1183 3998 et
1202 3926 1366 4018 Legiones

318 4026 510 4126 Spirituum
521 4029 725 4112 coelestium
742 4028 1019 4135 peouliari'modo
1038 4025 1366 4128 uoluissenthth'iaa
1447 4061 1448 4140 p
