2966 5022
66 535 160 635 qued
186 537 359 636 contendit
382 533 528 606 Leniius
552 533 623 608 loc.
646 532 723 627 cit,
739 559 882 612 asserem
899 535 1012 626 illum,
1026 565 1125 640 quem

64 641 188 712 dextro
202 661 330 736 'pugno
355 635 500 732 stringit,
528 661 594 708 non
619 659 692 706 csse
717 635 939 712 chartularum
956 639 1125 734 volumen,

63 739 129 810 sed
156 739 356 835 manubrium
381 733 508 826 Fulcis,
536 734 692 832 propriae
716 735 848 811 Sileeei
871 741 1013 812 rustici:
1043 737 1129 816 Num

62 853 104 908 ut
130 853 247 911 notum
273 853 323 910 est
346 837 499 910 Siluanus
524 835 588 906 iste
615 849 685 906 erut
710 835 808 910 etiam
835 865 931 930 nun,
965 853 999 912 et
1023 842 1129 912 mexi-

59 963 134 1008 mus
161 939 302 1024 Larem,
317 953 354 1009 ut
378 950 429 1010 est
455 935 650 1010 adnotatum
674 959 694 1006 s
718 935 876 1032 pluribus
902 965 943 1012 ex
968 938 1126 1037 plurimis
1152 987 1155 998 ·

62 1039 285 1122 nobilissimis
311 1035 604 1133 Inscriptienibus.
621 1035 664 1106 te
682 1035 828 1110 Teutam.
846 1055 955 1114 eutem
968 1039 1126 1114 Hermen.

61 1137 138 1210 Etr.
170 1165 209 1236 p.
243 1139 328 1228 tte.
360 1139 445 1208 150.
474 1137 634 1224 vertimus
658 1132 820 1211 Lemma:
857 1139 930 1214 llee
964 1145 1128 1213 dedicerit

65 1237 281 1312 Bemtltelr‘es
306 1237 485 1310 Puerorum
511 1239 636 1306 ementi
660 1234 809 1310 Siluano.
838 1238 925 1312 Nem
962 1257 1127 1337 utsupra

65 1337 300 1413 adnotavimus
325 1361 363 1433 p.
379 1335 463 1405 ttt.
481 1333 587 1405 Lares
600 1359 675 1406 esse
691 1357 870 1432 puerorum
895 1354 930 1410 ct
953 1340 1127 1412 infantium

65 1453 243 1512 curatores
269 1452 303 1508 ct
330 1433 509 1506 meletnres
527 1432 665 1506 Veteres
691 1449 877 1510 tennerunt.
896 1438 986 1530 Quin
1012 1455 1129 1512 contm

64 1538 92 1607 si
118 1539 229 1610 alicui
256 1549 379 1608 verum>
395 1534 439 1605 sit
464 1533 629 1610 adleetete
647 1533 872 1612 Ramnetum
897 1538 986 1612 bunc
1011 1540 1128 1614 Selbn·

61 1665 136 1716 nem
166 1637 363 1736 appellasse
389 1637 569 1726 Infantiam
596 1649 629 1704 et
653 1633 858 1733 simplicium
877 1663 1058 1736 puerorum
1075 1639 1128 1712 A·
1201 1641 1203 1648 ’

60 1757 252 1827 reatorem,
297 1735 377 1834 quia
419 1735 575 1808 Siluanus
614 1731 807 1831 Pelasgicus
846 1739 949 1811 leues
989 1753 1124 1838 putere-

14 1849 16 1852 ’
61 1848 115 1907 tur
141 1863 243 1908 ruere
269 1835 310 1912 in
331 1837 544 1932 Puerpercs:
585 1834 675 1909 unde
718 1835 880 1907 ridiculae
906 1853 940 1910 et
966 1841 1127 1913 molestae

60 1919 274 2010 ceremoniis
300 1933 391 2032 apud
417 1933 601 2024 Romanos,
620 1957 705 2031 ques
722 1931 850 2008 indicet
867 1935 904 2006 S.
921 1935 1129 2034 Augustinus

59 2034 167 2108 Libr.
195 2035 240 2107 V.
271 2035 314 2108 dc
345 2037 415 2114 cies
443 2035 509 2116 Dei
534 2056 566 2102 c.
596 2033 633 2102 9.
662 2057 700 2130 p.
730 2033 793 2105 92.
821 2047 863 2108 nt
885 2033 1053 2116 Siluanum
1078 2063 1130 2112 ttr-

62 2147 181 2217 eerent
206 2149 241 2204 et
265 2135 481 2230 repellerent,
509 2143 619 2206 ututur
643 2119 774 2204 iudicio
794 2161 869 2224 suo,
888 2149 923 2208 et
949 2135 1063 2210 videet
1088 2161 1129 2212 cn
1228 2175 1231 2182 ¹

60 2235 127 2306 hae
156 2236 363 2314 ceremoniae
384 2240 429 2304 'ex
455 2231 569 2307 endem
595 2229 725 2330 origine
750 2247 841 2306 crtee
878 2233 948 2308 siut
974 2259 1013 2308 cc
1043 2235 1126 2308 illue

62 2333 271 2436 ludaeorum
296 2335 340 2418 de
367 2330 493 2404 Lilitlre
518 2355 577 2404 sue
598 2356 622 2406 ,a
646 2331 747 2408 foetis
771 2331 966 2408 mulieribus
1003 2333 1120 2436 expel-

62 2435 201 2522 lende,
230 2447 264 2508 et
289 2433 424 2530 deque
448 2431 612 2530 plurimae
637 2447 671 2507 et
695 2445 793 2508 notes
817 2431 963 2508 subulae.
1052 2485 1055 2494 -

113 2539 154 2610 2.
184 2535 262 2608 Len
284 2533 638 2620 ¹secundus:Bonurotu
651 2530 694 2610 ed
707 2534 858 2632 Dempst.
876 2533 963 2632 Τὼ.
980 2530 1123 2608 xxltt.

60 2632 194 2706 Gorius
221 2631 256 2704 in
282 2633 373 2704 Mes.
402 2630 478 2704 Etr.
508 2631 596 2702 Tub.
628 2635 712 2703 l00.
740 2632 920 2706 ediderunt
946 2629 1119 2730 Sigillum,

61 2761 132 2831 qno
159 2733 335 2806 exhibetur
359 2731 554 2804 adolescens
581 2731 905 2810 Pellictrensverso
930 2731 1123 2809 semitectus

67 2835 204 2907 sinistre
230 2857 326 2908 maun
353 2835 466 2930 pesse,
494 2828 612 2902 dextre
636 2844 783 2930 peterem
809 2833 989 2907 invertens:
1026 2829 1127 2906 Lem·

67 2946 152 3018 mete
179 2935 382 3029 adscripto:
412 2955 541 3004 escunt
568 2957 652 3004 srnu
678 2957 798 3006 rnrrur
822 2956 939 3006 crure.
958 2936 1128 3010 Bensrotu

70 3049 228 3132 quantum
253 3031 386 3106 memini
410 3039 476 3104 non
502 3030 616 3128 attigit
635 3029 800 3122 :Gorius
824 3031 941 3108 hebuit
965 3032 1072 3108 Deum
1097 3036 1130 3106 i·-

69 3149 234 3231 gnntnm:
259 3131 429 3204 Passerius
454 3130 572 3204 reiecit
595 3132 683 3204 inter
699 3131 831 3208 turbem
855 3130 1006 3225 Larium,
1033 3131 1131 3206 nulle

67 3233 181 3306 edleto
212 3246 416 3330 argumento.
446 3230 519 3302 Nos
544 3229 682 3302 lecimus
707 3255 769 3328 pcr
786 3231 917 3306 criterie
933 3233 1128 3331 propositae

65 3333 205 3408 Scilicet
256 3333 335 3430 quin
369 3333 510 3430 pellium
552 3347 798 3421 transuersum:
826 3331 903 3431 quic
927 3347 979 3406 eet
1006 3349 1128 3405 ereeur'

48 3461 181 3530 pesse:
210 3445 245 3502 ct
270 3428 372 3509 modo
398 3430 551 3502 addimus
576 3428 654 3525 quie
671 3429 1005 3512 Perettemtneee'e:
1037 3429 1126 3504 Nem
1195 3489 1198 3497 .

66 3528 165 3612 Lares
197 3531 303 3614 fuisse
329 3530 468 3617 dictos,
488 3529 585 3626 quusi
611 3531 748 3626 proprie
768 3534 980 3630 patellarum,
1007 3545 1126 3606 nutum
1244 3625 1247 3632 γ

67 3649 134 3704 est:
149 3632 239 3725 Quin
267 3631 390 3706 Petere
415 3630 557 3715 inversa,
577 3641 615 3700 ut
640 3658 699 3702 ees
719 3635 879 3706 inversum
904 3633 947 3706 in¹
967 3633 1121 3706 omnibus

69 3728 290 3814 Monumentis
314 3729 508 3816 funebribus
533 3728 748 3819 Etruscorum
785 3718 948 3822 mvelt)
974 3752 1119 3806 nur-sun
1206 3763 1209 3768 ·

69 3856 123 3902 ees
163 3837 253 3904 ritae
279 3859 421 3904 euersum
446 3830 610 3912 inversum
636 3829 793 3905 Deluneti
832 3831 1058 3907 conditionem
1083 3853 1120 3900 e-.

14 3999 17 4022 ι
70 3932 178 4026 gregis
204 3931 382 4028 significat.
411 3929 449 4002 ln
480 3930 626 4010 Teutam.
656 3944 764 4006 eutem
791 3933 904 4007 Herm.
925 3957 1004 4028 pag.
1029 3928 1117 3999 150.

14 4081 15 4092 ,
74 4029 154 4098 151.
183 4032 420 4118 adnotavimus,
434 4029 662 4125 Inscriptione
686 4032 817 4126 adiecta
842 4032 991 4106 habitum
1009 4026 1121 4121 ipsum

14 4167 15 4172 κ
72 4125 167 4222 Signi
190 4153 260 4207 esse
284 4155 493 4231 expressum,
526 4144 561 4202 et
584 4130 754 4205 vertimus:
783 4133 937 4202 Peterem
961 4125 1085 4196 invertit
1106 4162 1124 4208 ,1

69 4229 186 4301 dilatet
202 4257 342 4310 menum:
358 4249 472 4306 sensus
497 4243 607 4304 entem
633 4228 873 4360 Theologieuuh
886 4239 954 4300 est:
966 4289 970 4298 .
983 4223 1049 4298 llic
1068 4223 1119 4300 tir.-
