2924 5024
485 379 631 489 Cum·
670 382 717 454 ll.

287 539 346 612 Dii
369 537 582 614 Etruscorum
613 541 916 616 Tartar-onasus.

125 698 161 772 I.
195 701 379 776 Vunenrrcs
409 698 592 772 Cabiricus.

131 799 316 874 Vulcanum
346 799 528 873 Callaicum
555 824 628 872 osse
654 797 840 872 habendum
854 797 1136 892 Demopcrqonem

71 901 250 998 *Boccatib
279 899 468 990 Claudiani,
496 900 611 987 Statii,
640 901 783 986 Lucani,
812 913 912 996 atque
930 896 1014 968 adeo
1034 899 1138 968 maxi-

72 1025 161 1072 mnm
188 1001 296 1070 Deum
322 999 538 1070 Etruscorum
568 1000 877 1072 Tartaroarebicum
920 999 985 1068 iam
1030 1021 1132 1092 supe·

54 1101 142 1190 ¹rins
161 1099 425 1170 animadversum
443 1124 481 1196 p.
505 1103 538 1167 5.
560 1101 596 1170 6.
617 1103 677 1172 28.
699 1104 761 1170 ⁶29.
783 1116 817 1172 et
834 1112 1015 1196 propterea
1041 1098 1130 1168 buno

72 1226 137 1272 non
165 1201 346 1270 Plutonem
384 1199 620 1290 Helleniuum,
648 1201 703 1272 vel
730 1201 900 1271 Bocchum
939 1219 1131 1294 supremum

71 1301 210 1370 Tartari
239 1298 417 1372 Dominum
442 1313 476 1369 et
501 1298 742 1370 moderatorem
768 1299 991 1370 babebimus:
1026 1296 1133 1388 Quem

76 1399 267 1486 indicatum
294 1399 477 1495 aliquando
503 1399 537 1468 in
564 1399 789 1470 Monumentis
814 1399 1008 1470 funebribus
1034 1398 1136 1468 Etru·

76 1525 214 1570 seorum
243 1498 436 1594 subligata
463 1499 557 1571 Senis
584 1501 687 1597 Regis
714 1525 812 1596 supra
833 1499 935 1573 etiam
961 1495 1136 1571 adnotari·

75 1625 220 1697 muszp.
252 1601 314 1670 at.
346 1600 431 1670 tau.

122 1701 190 1782 ll„
210 1701 319 1775 Venus
344 1699 485 1772 Libitina
517 1702 687 1774 Cobirico.

125 1801 222 1870 Haeo
249 1799 329 1870 sive·
346 1825 430 1870 uror
456 1805 528 1872 sive
554 1801 626 1872 tilia
653 1801 792 1872 maxima
821 1795 959 1875 Vulcani
994 1801 1139 1874 Callaici

70 1899 140 1969 illa
167 1901 243 1993 ipsa
270 1925 377 1972 suurn
395 1899 564 1973 ‘Cbaotiea
589 1916 624 1970 et
649 1899 804 1990 initialis,
832 1901 875 1972 de
902 1927 967 1997 qua
992 1901 1136 1972 diximus

73 2025 116 2096 p.
137 1997 201 2066 st.
224 2000 283 2068 60.
305 1999 381 2096 ipsa
406 2001 554 2094 triplicis
580 2000 703 2072 Mundi
729 2002 805 2088 Isis,
825 2001 868 2072 de
894 2023 960 2098 qua
986 2000 1137 2098 loquitur

75 2095 251 2192 Apuleius
277 2098 310 2166 in
338 2098 406 2168 suis
431 2099 573 2174 Metam.
590 2102 657 2172 XI.
676 2127 711 2198 p.
731 2101 817 2173 309.
847 2102 922 2198 ipsa
946 2101 1054 2172 Venas
1079 2101 1138 2170 Li-

71 2201 177 2268 hr'tina
209 2198 448 2290 Romanorum,
477 2204 542 2272 una
567 2200 762 2290 Genitalis,
791 2216 825 2271 et
850 2199 1045 2288 mortifera,
1072 2225 1136 2272 nna

69 2298 307 2395 generationis
335 2315 369 2370 et
395 2301 513 2372 mortis
539 2300 686 2390 domina,
716 2301 884 2372 Praeleeta
909 2301 1046 2374 maxima
1080 2299 1138 2370 ba·

70 2399 184 2471 benda
219 2414 269 2468 est
301 2399 434 2471 Tartari
463 2400 628 2474 Etrusci:
658 2402 701 2473 Et
729 2403 812 2473 banc
839 2403 981 2497 exlege
1015 2401 1137 2472 Hiero-

71 2499 245 2596 grapbica
265 2501 405 2598 ¹saepius
432 2515 466 2572 et
490 2501 695 2599 frequentius
722 2503 756 2595 in
785 2501 897 2574 Sacris
924 2501 1138 2572 Dramatibus
1171 2549 1175 2560 .

74 2621 269 2694 'expressam
294 2617 345 2672 est
370 2627 474 2698 aeque
501 2603 705 2674 tenendum:
747 2617 784 2686 ut
810 2627 861 2672 ex.
893 2627 944 2698 gr.
986 2602 1033 2670 in'
1062 2597 1135 2666 illis

78 2700 292 2770 Dramatibus
319 2703 527 2789 funebribus,
543 2728 628 2800 quae
646 2700 823 2774 ediderunt
841 2701 967 2772 Gorius
984 2701 1018 2768 in
1039 2697 1131 2768 Mus.

78 2798 153 2870 Etr.
172 2798 326 2872 T.lll.3.
345 2803 569 2873 Tab.l9.ete.
582 2802 904 2900 lngbiramius'Scric
918 2802 948 2874 l.
966 2799 1051 2869 Tab.
1070 2797 1133 2867 74.

80 2899 224 2980 'lb-76.
248 2903 307 2970 77.
330 2916 363 2972 et
389 2902 422 2971 in
449 2901 572 2999 quibus
599 2905 806 3000 conspicitur
820 2903 959 2998 insignis
980 2900 1135 2970 Matrona

81 2997 315 3072 decentissime
342 3001 477 3089 vestita,
498 3003 559 3074 sed
586 3005 710 3100 geniali
738 3004 827 3074 lecto
855 3005 1059 3088 ministrata,
1090 2998 1133 3069 ad

79 3105 173 3169 cuius
199 3114 302 3196 caput
328 3103 507 3174 columella
536 3103 779 3200 Pineoeepbala
805 3117 936 3199 prostat
964 3156 974 3191 ,
1015 3113 1049 3171 et
1076 3097 1137 3168 ad-

78 3211 143 3268 stat
168 3199 232 3272 Vir
251 3201 430 3290 tunicatus,
457 3202 642 3299 palliatus‚
671 3207 786 3292 dextra
813 3206 978 3274 sustinens
1005 3197 1135 3270 Monile

85 3295 263 3370 Etruscum
288 3299 408 3372 lactum
435 3328 474 3372 ex
499 3303 607 3375 Bellis
633 3318 667 3374 et
692 3301 910 3394 Glandibus4
948 3319 981 3374 et
1006 3299 1138 3392 aliquot
1242 3307 1244 3311 ’

82 3397 167 3468 aliae
193 3423 360 3496 personae
385 3401 483 3473 otiam
511 3401 554 3474 ad
581 3405 687 3502 pedes
705 3431 722 3490 :⁴
741 3402 885 3476 Accedit
910 3417 1018 3474 autern
1052 3421 1138 3468 sem-

81 3520 140 3592 per
164 3502 208 3570 ad
239 3499 416 3574 Mulierem
443 3502 692 3575 decumbentem
718 3505 863 3576 Persona
889 3529 1002 3600 magna
1025 3498 1134 3570 Pallio

81 3597 131 3668 vel
157 3600 267 3670 linteo
292 3613 365 3671 tora
391 3616 425 3674 et
450 3603 585 3700 penitus
612 3605 788 3694 obvoluta,
817 3605 913 3702 quasi
939 3601 1070 3701 aliquid
1092 3595 1153 3669 ab'

81 3721 114 3766 ea
138 3701 309 3796 petitura,.
331 3703 386 3774 vel
412 3717 603 3799 receptura,
631 3705 817 3803 pedemque
834 3731 933 3802 saepe
947 3705 1044 3804 ponit
1059 3723 1131 3770 sea-

83 3791 172 3868 bello
197 3801 386 3896 proximo,
414 3818 452 3874 ut
477 3803 520 3875 ad
547 3804 725 3876 Mulierem
764 3807 930 3878 accedat:
973 3825 1058 3901 qnae
1093 3822 1136 3866 en

84 3894 150 3964 alia
171 3917 269 3994 parte
295 3927 337 3972 eo
365 3927 496 4000 semper
521 3918 573 3974 est
598 3904 714 3976 babitu
740 3911 894 4004 eorporis
923 3959 932 3993 ,
978 3925 1046 3999 quo
1071 3895 1137 3963 ali-

88 3993 167 4106 quid
186 4003 377 4099 praecipiat
402 4015 437 4074 et
462 4003 588 4075 iubeat.
623 4005 769 4078 Lousios
808 4021 843 4076 et
879 3993 1130 4100 lngbiramius,

93 4099 216 4189 quide
239 4101 292 4176 bis
318 4103 534 4185 brumalibus
560 4106 694 4206 prolixe
712 4107 960 4196 disseruerunt,
975 4107 1156 4211 putarunt·
1229 4101 1232 4120 ‘
