2966 5022
393 377 465 450 h38
758 429 760 433 -

257 446 261 456 Ι
335 491 372 552 ct
392 485 571 572 raucam:
598 502 666 550 nau
684 471 896 573 ⁴respondere
922 486 991 558 “raet
1018 497 1080 548 ann.
1100 473 1399 569 manuducatum,

321 581 479 678 quisque
504 577 597 652 ridet
621 578 835 650 Keuduulem
859 577 960 652 etiam
983 573 1245 676 pruefeceterem
1263 602 1338 650 esse
1363 594 1399 652 et

334 680 566 752 suffocatorem
591 680 723 766 Meris,
743 699 861 778 nempe
886 679 998 778 ipsum
1022 676 1325 774 Herculcmt‘quem
1342 706 1396 752 re·
1466 683 1472 704 ⁴

332 805 410 850 vera
434 779 642 878 appellatum
667 777 881 854 Kuuduutcm
908 792 1050 852 testatur
1075 775 1297 874 Hesychius:
1328 779 1396 874 Qui
1471 831 1472 874 3

332 905 433 978 quum
457 879 560 953 addat
585 879 788 954 Mercurium·
812 882 910 952 etiam
948 880 1019 952 sire
1044 878 1228 950 Hermetem
1265 879 1395 952 dictum
1471 905 1472 964 ᾗ

330 979 434 1055 luisse
476 979 692 1053 Kaudaulem.
729 979 1040 1078 interpretationem
1064 1007 1084 1052 a
1109 978 1206 1050 nohis
1227 982 1394 1075 proposi·
1471 971 1472 1022 t

329 1095 396 1151 tam
438 1081 519 1154 mire
546 1079 666 1150 firmat.
697 1077 782 1152 Nam
808 1078 997 1154 Mercurius
1038 1079 1227 1152 Chthonius
1261 1080 1397 1152 Necro-

329 1180 469 1282 phylau,
499 1183 528 1256 si
554 1181 662 1253 minus
688 1179 779 1274 apud
806 1182 967 1272 Graecos,
987 1179 1080 1276 apud
1096 1179 1264 1251 Romanos
1283 1195 1392 1254 tamen

326 1295 362 1352 et
388 1282 547 1356 Etruscos
573 1305 673 1378 saepe
698 1293 750 1351 est
780 1282 1117 1384 Cyna-Candaules,
1159 1279 1229 1350 sive
1260 1281 1392 1354 Carcine
1418 1324 1420 1328 ·

320 1384 410 1483 pelle
437 1401 552 1472 tectus,
581 1396 618 1452 ut
643 1381 794 1468 Leonina
820 1383 1007 1454 Hercules:
1037 1379 1179 1452 Nomine
1204 1394 1312 1451 tamen
1330 1383 1394 1452 mi·

329 1469 978 1568 nimeimmutato.Namidem¹71atD
1022 1509 1085 1554 sun
1126 1506 1189 1551 sen
1233 1505 1297 1550 nes
1341 1495 1393 1553 est

309 1584 412 1668 dec,
432 1599 466 1655 et
489 1583 602 1673 Curris,
630 1583 702 1657 sive
726 1580 891 1657 Scialrelir
917 1583 1114 1682 Symbolum
1139 1593 1392 1654 mortuorumet

327 1684 540 1757 murieutium
565 1681 658 1780 apud
684 1707 797 1763 omues
822 1681 1012 1760 (hiemales
1038 1680 1306 1757 celeberrimum.

376 1783 425 1854 ll.
455 1785 612 1859 Hercules
638 1788 692 1858 luc
716 1781 857 1860 Junontc
882 1813 1014 1882 superas.
1060 1827 1063 1833 ,

376 1883 418 1956 lu
444 1885 591 1982 Speculo
616 1885 747 1980 funebri
773 1885 934 1982 elegantis
960 1884 1107 1980 operis,
1150 1879 1246 1981 quod
1275 1881 1390 1957 edidit

327 1983 517 2062 Schiassius
536 1992 575 2060 de
588 1985 699 2063 Pater.
715 1987 802 2060 Tah.
819 1986 870 2058 X.
891 2012 928 2084 p.
951 1985 1012 2074 37,
1033 1984 1239 2081 conspicitur
1259 1983 1391 2082 Matro-

325 2109 370 2160 na
395 2087 526 2179 sedens,
546 2114 632 2186 quac
657 2089 794 2188 praehet
821 2087 997 2162 Mammam
1021 2083 1242 2158 Adolescenti
1267 2085 1384 2174 stanti,

197 2197 198 2206 ’
325 2199 362 2261 ct
386 2187 512 2286 pellem
536 2189 720 2266 Iteoninaeu
750 2189 960 2262 Candaulicc
985 2185 1135 2286 gerenti:
1152 2208 1302 2281 quumcx
1318 2184 1388 2256 alia

324 2303 422 2384 parte
447 2289 533 2358 alius
558 2288 602 2360 sit
628 2287 855 2380 Adolescens,
883 2290 1090 2386 aliquantum
1115 2299 1223 2356 aetate
1245 2283 1383 2374 maior,
1467 2283 1469 2326 ῗ

326 2385 421 2458 hreri
447 2386 624 2484 chlamyde
649 2389 693 2460 ad
719 2403 835 2488 tergus
860 2391 1040 2488 pendente,
1055 2385 1192 2458 sinistra
1207 2409 1303 2460 manu
1325 2382 1389 2456 ha·
1467 2395 1468 2453 t

324 2487 436 2566 culum
462 2514 607 2586 gerens,
636 2487 817 2588 dextraque
842 2491 980 2565 humero
1007 2489 1181 2562 Matronae
1204 2484 1385 2589 impositu,

323 2584 584 2664 Adolescentcm
601 2593 771 2686 sugentem
783 2590 837 2664 lae
849 2590 1069 2664 attentissime
1084 2588 1264 2684 inspectat.
1281 2585 1385 2658 Bian-

323 2711 427 2762 euuus
451 2691 542 2788 apud
567 2691 770 2766 Schiassium
795 2691 831 2762 in
856 2687 1216 2774 Matronadunnacm,
1235 2686 1272 2758 in
1286 2683 1382 2760 Ado-

213 2843 224 2872 ,
322 2786 473 2862 lescente
497 2806 635 2888 sugente
660 2787 846 2882 Herculem,
866 2793 901 2866 iu
919 2791 982 2864 reli
1008 2815 1053 2862 no
1078 2790 1280 2866 Mercurium
1307 2804 1383 2858 csse

231 2884 235 2896 ‘
322 2891 570 2984 agnoscendum
595 2889 779 2964 rectissima
804 2891 947 2990 putarit.
977 2816 1062 2964 Mam
1100 2889 1204 2986 pellis
1228 2889 1382 2960 Leonica

299 2999 359 3056 ct
383 3011 505 3064 corona
530 2993 681 3091 populea
706 2993 791 3066 scite
816 2993 905 3064 circa
931 3017 1024 3064 oram
1049 2990 1189 3088 Speculi
1206 2988 1388 3084 adsculpta

322 3083 497 3172 Herculem
522 3095 760 3168 demonstrant:
789 3093 1031 3192 Traditumque
1057 3102 1161 3190 porro
1180 3104 1233 3162 est
1257 3115 1276 3160 a
1301 3089 1393 3163 Ilio·

322 3185 411 3261 dorc
437 3189 555 3274 Siculo
581 3195 680 3268 Lihr.
709 3194 772 3270 IV.
802 3219 879 3295 cap.
908 3197 946 3269 9.
975 3219 1012 3292 p.
1041 3193 1129 3266 255.
1148 3191 1234 3264 256.
1265 3191 1389 3262 Erato-

324 3286 440 3366 sthene
464 3292 500 3372 in
530 3297 756 3377 caracterem.
799 3321 875 3396 cap.
905 3296 968 3370 tt.
997 3305 1078 3394 pagi
1110 3291 1389 3364 escensana

323 3387 422 3472 Libe.
435 3393 510 3474 IX·
533 3398 680 3494 cap225.
697 3398 829 3496 paea.
840 3395 1000 3516 ductura
1014 3393 1186 3492 Epigram.
1199 3393 1387 3486 Auchetae.

322 3485 511 3577 uremur,
541 3521 617 3595 cap.
648 3499 708 3576 ta.
736 3523 774 3596 p.
804 3497 891 3570 333.
919 3499 1063 3594 atrisque
1088 3495 1248 3568 lucratum
1276 3517 1297 3566 a
1321 3492 1389 3562 uu.
1471 3465 1472 3540 t

317 3613 409 3666 noue
433 3593 606 3679 Herculem
631 3596 766 3675 fuisse:
795 3596 970 3697 Quumque
987 3595 1224 3670 Eratosthenes
1242 3595 1306 3663 loc.
1324 3599 1387 3665 ctu
1471 3647 1472 3672 ,

319 3689 428 3772 addat
452 3695 632 3792 Herculem
657 3700 819 3777 Mercurii
844 3700 947 3772 ductu
972 3709 1073 3790 atquc
1099 3706 1165 3790 ope
1191 3691 1261 3762 Lac
1277 3691 1396 3763 luno-

322 3792 375 3887 nis
401 3796 541 3886 suaisse,
569 3813 603 3872 et
628 3798 779 3896 chlamys
804 3799 879 3888 illa,
907 3811 949 3870 et·
966 3796 1061 3890 virga
1087 3793 1148 3866 illa
1182 3790 1391 3864 characteri-

322 3894 409 3969 stica
432 3897 637 3978 ¹lllcreurium
661 3898 825 3986 indicent,
853 3897 939 3968 hune
964 3893 1117 3968 Herculis
1143 3892 1269 3966 socium
1287 3889 1389 3964 Mer·
1471 3967 1472 3990 2

323 4004 448 4076 curium
473 4000 622 4081 dicemus
641 4025 650 4071 ε
679 4023 786 4098 eoque
802 3995 973 4094 fidentius,
993 3992 1087 4096 quod
1104 3995 1203 4094 plara
1220 3991 1288 4067 alia
1306 4004 1390 4064 sunt
1471 4003 1472 4064 ζ

325 4094 470 4188 speculi!
495 4099 648 4182 funebria
669 4099 703 4174 in
728 4098 851 4200 qtdhtts
877 4097 1034 4181 Hercules
1052 4108 1094 4168 et
1111 4095 1300 4168 Mercurius
1317 4103 1388 4194 ula-
1471 4097 1472 4118 ³

321 4194 454 4276 nitescis
473 4201 590 4308 siguis
611 4203 782 4301 instructi,
809 4215 847 4280 ut
870 4203 990 4291 heres,
1007 4197 1147 4284 Gabirta‘
1171 4195 1381 4282 exhiheatur.
1471 4197 1472 4206 ‘
