2924 5024
309 424 511 521 gyptiorunr
536 437 612 496 sont
628 439 728 498 ¹certo
754 423 912 513 recentia,
932 437 967 495 et
991 421 1070 519 ipso
1088 417 1274 492 Octaviano
1303 415 1381 490 Au·

309 536 413 620 gusto
443 527 663 623 posteriora:
693 523 800 617 Quod»
817 547 883 594 uon
908 536 1037 594 constat
1054 520 1152 592 nobis
1171 544 1232 616 per
1246 515 1383 615 Alphe·

306 621 423 695 lset'unr
451 621 1052 720 llieroglyplricum‘Chempolliouii,
1067 618 1161 717 quod
1185 617 1290 714 nihili
1307 631 1376 708 est,

309 736 343 792 et
367 747 512 819 prorsus
538 725 784 817 imaginarium,
807 738 844 792 ut
870 747 931 792 nos
950 719 1076 792 iamdiu
1106 719 1242 817 prolixe.
1259 742 1377 790 osteu-

269 897 273 907 ,
308 823 418 896 diuus
445 826 478 895 in
505 825 669 897 Fundam.
698 823 811 893 Herm.
841 821 963 918 Script.
998 821 1116 920 Crypt.
1137 820 1369 915 pov-⁶207.

310 935 343 994 et
368 922 515 1012 Praesut.
537 923 596 994 sed
622 922 765 1019 penalia
791 921 968 992 intrinseca
986 933 1192 1016 argumeota.

358 1021 394 1093 3.
425 1023 557 1112 Tertio,
577 1022 664 1118 ¹quia
681 1023 921 1118 Illorplvamuta
939 1021 1145 1092 Zodiuculr'a
1169 1013 1376 1090 Graecorum

311 1120 360 1191 ita
385 1122 550 1219 simplicia
577 1137 652 1192 suut
695 1135 729 1190 et
770 1119 891 1208 nuda,
936 1131 975 1188 ut
1017 1119 1141 1192 nullam
1167 1117 1376 1212 Scriptorum

311 1221 614 1318 llieroglyphieam
639 1219 868 1316 formare'per
894 1245 930 1290 se
955 1233 991 1290 et
1014 1217 1172 1315 perlicere
1186 1220 1371 1314 potuerint.

310 1317 412 1409 Quod
426 1336 551 1392 certum
564 1334 619 1416 est
634 1345 698 1390 non
709 1318 810 1388 modo
828 1343 888 1414 per
904 1319 1068 1392 Fundam.
1080 1316 1193 1389 Herm.
1207 1317 1369 1417 Sortitur.

316 1418 434 1519 crypt.
463 1419 610 1515 amabis
636 1418 755 1506 edita,
784 1420 845 1489 sed
871 1420 968 1492 etiam
988 1441 1056 1513 ¹per
1080 1417 1370 1512 ipsalllonanren-

313 1530 348 1590 tu
377 1521 546 1626 Aeqyptia
571 1521 811 1609 chiacalia,
851 1517 886 1588 iu
924 1518 1047 1614 quibus
1078 1517 1177 1610 Signa
1203 1517 1371 1587 Caelestia

311 1615 526 1693 Idioethniea
551 1635 586 1690 et
610 1618 789 1712 originalia
814 1617 923 1690 omnia
948 1632 1026 1688 sunt
1064 1616 1233 1715 profundo
1267 1615 1370 1688 artili-

309 1717 365 1789 cio
396 1717 637 1817 et·multiplici
663 1719 815 1789 condita.
1056 1781 1058 1786 .
1445 1807 1446 1812 ἵ

365 1820 403 1890 4.
432 1817 575 1908 Quarto,
604 1817 682 1914 quia
708 1817 828 1890 salsum
853 1829 904 1890 est
929 1841 991 1913 per
1017 1815 1103 1890 ΧΠ.
1125 1816 1227 1912 Signa
1247 1814 1365 1887 Graeci

176 1991 178 1996 .
315 1917 460 1990 Zodiaci
486 1933 575 1988 recte
601 1932 634 1988 et
652 1933 728 2013 apte
746 1913 925 2013 significari
945 1915 1030 1988 ΧΠ.
1051 1919 1142 1989 Deos
1159 1915 1362 2012 Aegyptios.

315 2015 425 2108 Quum
451 2019 487 2090 in
511 2016 665 2113 pluribus
691 2015 917 2100 lllonumentis
941 2014 1122 2113 Aegyptiis
1135 2017 1291 2114 genuinis
1309 2039 1368 2084 una

314 2118 379 2188 laia
405 2116 661 2214 comprehendat
687 2130 720 2186 et
746 2130 854 2188 teneat
879 2115 1071 2188 Zodracam
1095 2129 1232 2188 toturn:
1261 2113 1368 2208 Quum

315 2207 351 2284 iri
376 2216 468 2311 nulla
493 2215 639 2286 Civitnte
664 2214 833 2312 Aegyptia
860 2215 944 2286 culti
969 2215 1035 2288 sint
1059 2215 1146 2288 XII.
1180 2215 1237 2288 Dii
1258 2241 1269 2306 3
1308 2237 1367 2282 nec

311 2313 397 2385 ΧΗ.
426 2314 484 2384 Dii
510 2313 632 2384 luerint
656 2316 802 2386 universi
827 2312 1003 2413 Aegyptii,
1029 2340 1091 2386 uec
1115 2316 1241 2413 aliquis
1258 2311 1366 2384 adhuc

310 2413 484 2502 iuventus,
511 2413 570 2510 qui
595 2411 658 2482 hos
685 2413 770 2485 ΧΠ.
799 2415 890 2485 Deos
915 2411 1107 2512 Aegyptios
1132 2430 1225 2488 reete
1249 2411 1364 2484 delini·

214 2523 216 2528 '
309 2513 409 2602 verit,
436 2513 648 2601 discreverit,
676 2515 904 2602 numeraverit,
932 2515 1148 2588 ordinaverit.

364 2617 400 2684 5.
429 2609 555 2702 Quinto
580 2614 660 2710 quia
686 2627 737 2684 cst
760 2638 865 2710 aeque
889 2613 1010 2686 salsum
1026 2640 1095 2711 ,per
1121 2612 1229 2690 Zodia
1243 2612 1364 2689 Graeca

296 2712 406 2784 -clare
431 2712 615 2808 significari
639 2737 741 2809 opera
767 2727 800 2794 et
817 2715 1029 2786 necessitates
1046 2715 1201 2787 Rusticus
1218 2729 1253 2784 et
1270 2710 1366 2808 Agri·

255 2907 259 2912 Ι
316 2811 411 2882 colas
435 2809 694 2906 Aegyptiorum,
721 2811 848 2884 etiamsi
866 2809 952 2886 ordo
971 2813 1141 2910 signorum
1159 2813 1360 2886 invertatur:

309 2909 344 2982 in
363 2933 436 3024 „ql”
462 2911 625 3008 vertigine
649 2911 808 3008 quamdiu
832 2912 916 2986 vixit
941 2910 1062 2986 frustra
1087 2913 1252 2986 laboravit
1295 2911 1364 2984 Du·
1444 2959 1445 2962 =

312 3032 457 3106 pursrus.
912 3039 915 3045 ·

363 3107 399 3178 6·
429 3106 499 3179 Sed
524 3109 553 3180 si
579 3107 758 3183 Schemate
781 3109 990 3185 Zodiacolio
1031 3123 1109 3183 sunt
1133 3111 1262 3184 Graeca
1304 3134 1369 3184 non

316 3203 502 3305 Aegyptia,
529 3209 716 3308 quomodo,
744 3209 852 3302 dices,
867 3212 1120 3308 conspiciuntur
1145 3213 1232 3287 inter
1257 3209 1370 3306 genui·

208 3313 213 3322 '
314 3321 409 3380 nael
425 3307 634 3382 ldicethnicu
659 3309 902 3407 Aegyptiorum
916 3314 937 3382 2.
948 3312 997 3383 Ut
1014 3312 1280 3410 conspiciuntur,
1308 3333 1370 3404 ego

315 3405 479 3502 inquam,
507 3408 581 3506 ipsa
607 3409 686 3481 haec
711 3411 890 3484 Schemate
914 3413 1124 3484 Zadiacaliu
1161 3411 1247 3484 inter
1275 3407 1374 3506 plura

130 3547 134 3559 ι
177 3557 194 3568 -.
231 3563 234 3570 .
315 3505 539 3584 ldioethnica
554 3509 716 3598 Arabum,
743 3523 778 3580 et
803 3509 989 3585 Persarum:
1018 3510 1157 3582 Scilicet
1174 3508 1371 3606 adoptione.

312 3603 414 3694 Nam,
442 3619 480 3676 ut
505 3605 726 3698 dicebamus,
754 3611 864 3680 omniu
890 3611 1105 3682 Monumenta
1138 3607 1372 3684 Astroucmica

200 3753 204 3764 ·
306 3700 552 3802 Aegyptiorum
577 3721 654 3778 aunt
678 3710 839 3780 recentia:
867 3709 911 3780 Et
940 3709 1089 3780 funditus
1106 3709 1204 3784 nihili
1230 3721 1367 3781 suutac

306 3805 420 3875 intime
446 3803 556 3878 iutilia
582 3805 715 3876 Somnia
742 3805 990 3902 Seyffertiana,
1018 3824 1053 3879 et
1080 3805 1206 3896 iamdiu
1236 3803 1362 3880 notum

208 3913 213 3926 '
307 3898 537 4002 Astrologiam
562 3903 810 3980 Genethliucaru
835 3921 876 3980 et.
893 3909 1113 3998 Plauetariam
1141 3908 1196 3979 vix
1222 3920 1362 3981 aetatem

308 3999 482 4075 Ciceronis
507 4019 541 4076 et
558 4005 709 4078 Caesaris
725 4005 902 4104 attingere.
923 4006 1015 4101 Quid
1032 4021 1140 4080 autern
1157 4007 1276 4079 mirum
1293 4028 1364 4076 esse

303 4112 432 4197 potest,
447 4119 518 4181 ata
545 4103 652 4180 tribus
668 4104 825 4192 saeculis
847 4109 1032 4182 constituta
1060 4105 1187 4204 Schola
1205 4104 1365 4182 Astrono·
