2966 5022
55 389 181 488 capillo
205 385 334 476 breri,
360 378 488 478 duplici
512 390 605 454 reste
629 375 778 473 induta,
811 383 945 461 sinistra
972 293 1101 468 cibiae
1178 453 1186 466 ‚

51 493 223 591 Torquem
249 487 320 559 sire
343 483 466 555 Monile
490 479 652 552 bullatum
669 489 1002 579 menstruatarum
1025 493 1104 566 bra.

22 615 28 623 ‘
51 591 164 664 cluiuuu
189 587 328 674 Juvenis
352 597 486 678 tangens
505 606 515 652 :
536 579 604 654 alia
620 579 766 654 Mulicre
785 587 936 682 proximo
953 588 1024 662 lere
1039 615 1102 689 per

50 693 164 762 omnin
189 687 301 780 nuda,
322 683 431 782 digito
456 679 616 755 sinistrae
635 705 748 756 munus
771 701 882 758 monto
908 688 1101 788 imposito,

13 799 15 814 '
49 789 172 861 habitu
196 789 280 877 eius,
295 810 378 885 quae
391 780 547 856 dubitans
564 793 598 852 ct
614 778 750 855 haerens
767 801 937 883 exspectnt
953 805 989 863 et
1004 813 1103 889 praev

54 887 201 961 stolatur
226 885 380 985 aliquid:
407 883 498 954 llaec
522 879 714 954 inscribitur
739 907 906 978 rurnnu,
925 903 963 962 nt
987 889 1102 988 proxi·-

54 1013 108 1060 ma
133 1013 227 1066 nnus.
249 987 388 1060 Alcera
412 982 551 1056 Juvenis
575 997 670 1054 manu
694 1001 757 1056 est·
770 985 838 1057 alia
851 987 977 1061 Mulier
1002 989 1104 1064 etiarn
1187 1033 1196 1052 ·

51 1089 222 1162 semitecta
246 1101 279 1160 et
304 1083 509 1172 seminuda,
534 1103 619 1178 qnae
644 1081 863 1160 intentissime
894 1087 1029 1162 videtur
1052 1089 1105 1164 iu·
1214 1085 1219 1094 ⁹

51 1203 155 1280 stare,
182 1200 220 1258 ut
243 1211 344 1284 grave
361 1181 493 1280 aliquid
518 1195 551 1251 et
576 1185 857 1276 maguumlurcni
871 1188 1022 1262 suadent.
1039 1189 1108 1264 Po·

51 1313 91 1360 ne
114 1289 219 1378 hauc,
246 1312 330 1384 quae
355 1281 550 1358 inscribitur
574 1306 713 1371 runnu,
740 1297 790 1353 est
813 1284 877 1359 Vir
902 1289 1026 1386 grauis,
1053 1303 1105 1364 tu·

47 1387 181 1472 niceet
206 1385 315 1484 pallio
341 1396 434 1456 totus
458 1379 670 1471 obvolutus,
698 1381 857 1458 sinistrae
873 1412 984 1460 munus
1009 1387 1104 1462 indi·

49 1479 186 1562 cecant
210 1501 248 1560 ut
272 1483 404 1557 videtur
428 1495 630 1584 monstrans;
657 1479 790 1555 adiecto
815 1489 946 1562 nornine
970 1513 1101 1564 anonu-

47 1613 102 1660 xn:
138 1587 233 1682 Quae
258 1609 356 1658 scena
381 1608 480 1682 quum
505 1596 580 1654 ante
605 1581 774 1655 Porticunr
799 1586 1019 1662 columnatum
1043 1615 1104 1662 er·v

48 1683 202 1760 hibentur
227 1709 332 1782 super
352 1685 426 1758 eius
451 1697 541 1756 teuto
566 1681 662 1780 quasi
679 1706 819 1788 pronus,
838 1685 906 1758 imo
929 1691 1024 1786 quasi
1040 1716 1106 1764 ro-

47 1784 120 1860 lans
149 1799 184 1858 et
209 1785 429 1881 superiectas,
449 1781 576 1855 effictus
593 1796 645 1853 est
670 1781 801 1854 Faunus
825 1784 994 1882 barbatus,
1013 1788 1103 1864 auri··

46 1899 123 1976 tus,
153 1885 361 1974 sonaicalvus,
389 1884 564 1972 caudatus,
592 1880 823 1972 cothurnatus,
849 1886 972 1975 nudus,
999 1904 1106 1966 utrem
1209 1887 1211 1892 ¹

46 1999 84 2054 ut
110 1983 262 2069 videtur,
289 2007 419 2080 gerens,
439 1998 473 2053 et
490 1983 608 2057 dentre
626 1979 745 2053 Virum
770 1981 865 2056 illum
889 1987 998 2084 pallio
1016 1989 1110 2064 inro-

47 2085 160 2158 lutum
186 2081 336 2154 indicans
362 2081 527 2153 vocabulo
554 2079 714 2176 ambiguo
744 2081 910 2158 adiecto:
952 2085 1040 2160 Nam
1076 2113 1116 2167 er

51 2185 136 2261 dato
162 2185 300 2280 Ectypo
325 2197 440 2280 potest
465 2181 599 2254 omniun
618 2179 687 2278 legi
705 2207 829 2253 runnu.
849 2182 896 2256 tlt
912 2188 1112 2284 Eumenius,
1240 2209 1249 2228 ·

13 2289 14 2330 3
50 2284 172 2386 quiin
197 2285 333 2356 Annal—
357 2285 443 2356 lost.
471 2282 630 2356 Arckcol.
662 2279 770 2353 t83e.
798 2281 896 2356 Tum.
922 2284 1001 2360 Vll.
1030 2315 1109 2388 pag.

13 2425 15 2432 ἢ
51 2389 144 2458 232,
172 2383 217 2456 ad
242 2385 328 2456 290,
358 2385 481 2458 Drama
506 2383 573 2455 hoc
598 2378 830 2454 illustrandum
847 2383 1008 2460 adsumsit
1024 2389 1114 2464 affir-

13 2547 14 2554 ,
51 2485 160 2558 munit
184 2481 364 2578 legendurn
383 2509 518 2556 runnu:
550 2479 687 2554 Scilicet
711 2481 777 2578 ipsi
808 2481 1008 2584 Thamyrae:
1028 2487 1114 2566 Nant

13 3941 14 3948 ,
59 3893 159 3956 torum
182 3887 486 3975 contaminatorum,
514 3911 633 3986 nempe
648 3885 912 3992 Philntrtbropua:
934 3886 997 3961 Gai
1015 3889 1108 3960 Bac·
1159 3959 1161 3963 ,
1271 3899 1275 3908 ’

13 4041 16 4052 t

13 4239 15 4260 l

52 2611 96 2652 cx
125 2582 278 2656 Germani
303 2583 400 2682 huius
427 2581 655 2679 Arcbaeologi
682 2583 842 2654 sententia
872 2585 1060 2687 Thamyrae
1092 2615 1112 2664 n

52 2684 166 2754 Musis
203 2682 310 2754 rictus
348 2683 382 2754 in
421 2687 601 2756 certamine
638 2679 771 2752 Musica
807 2681 863 2754 blo
905 2687 1111 2762 exhibetur:

54 2781 154 2872 Quod
181 2781 313 2880 penitus
338 2783 520 2856 absurdum
562 2795 596 2854 et
632 2781 793 2878 ineptum.
827 2781 912 2857 Nam
940 2785 1114 2886 numquam

56 2883 173 2956 Musae
198 2884 416 2978 spurcissime
442 2885 551 2958 nudae
576 2895 757 2980 potuerunt
783 2883 946 2977 exbiberi,
965 2910 1027 2960 noc
1043 2913 1124 2962 cer--

56 2997 162 3056 tamen
206 2985 373 3056 Musicum
412 2984 543 3082 absquo
582 2981 750 3080 symbolis
779 2996 822 3052 ct
837 2985 1004 3060 indicibus
1036 2987 1116 3063 elrat-

40 3083 285 3170 ‚cacteristicit
315 3083 388 3154 Neo
413 3083 548 3158 Faunus
574 3095 746 3153 cunutus
771 3087 962 3180 supervolat
978 3101 1116 3188 apteras

58 3183 98 3253 ad
125 3183 270 3256 Chorum
287 3178 480 3258 'Masicuuu
509 3184 557 3258 At
582 3183 707 3255 Drama·
729 3197 782 3254 est
806 3183 1012 3280 Cabiricuan,
1033 3190 1114 3286 quia

61 3283 169 3356 Aedes
199 3285 356 3358 Coloten
381 3285 547 3379 perticata
573 3282 728 3378 exculpto
753 3297 805 3354 est
829 3286 1115 3382 charaeuriuioe,

59 3396 88 3450 ct
113 3383 234 3458 Pontos
261 3383 356 3456 adest
377 3387 547 3473 Gabira'ca,
567 3399 602 3456 ct
624 3383 745 3454 Drama
772 3387 943 3460 conditum
969 3415 1008 3461 ex
1059 3413 1116 3459 ro·-

60 3479 168 3554 lundis
193 3483 362 3579 Cabiricis
386 3485 620 3582 Dogmatibus.
651 3484 789 3556 Scilicet
812 3487 953 3562 Juvenis
979 3413 1111 3564 meli-ua

60 3595 105 3652 est
122 3583 276 3658 Bucclmc
298 3587 472 3658 cotiones
490 3581 824 3684 Anthropopbysiue,
843 3587 960 3662 Fauno
978 3613 1038 3661 stru
1055 3615 1116 3664 cu-

60 3681 134 3754 mite
158 3683 330 3778 rinilern5
356 3686 414 3782 qni
438 3699 495 3756 est
517 3685 605 3758 adeo
632 3705 716 3784 um
741 3707 834 3756 runo
860 3711 975 3762 nunno
1009 3717 1114 3789 appa·-

59 3793 123 3853 tcos
147 3789 314 3884 cupidus,
343 3811 458 3858 urruns
477 3807 568 3872 saman
589 3810 683 3859 rurus
707 3808 822 3860 runnu
839 3784 974 3864 Futium
994 3795 1114 3888 pollu-

61 3981 120 4050 clao
143 3983 212 4056 ll'eu
236 3984 411 4082 Adrastia,
440 3985 595 4059 erutus
618 4011 766 4092 urrann,
794 4003 838 4061 nt
855 3987 1027 4075 numos,
1048 3985 1110 4058 ‘htc

60 4101 165 4154 aranu
188 4083 274 4163 dieta
296 4107 378 4166 are
403 4095 438 4164 et
462 4086 588 4184 officio,
613 4089 694 4200 quit
718 4073 804 4180 alu·
820 4114 884 4170 aur
899 4089 1008 4176 docet,
1023 4079 1107 4158 edo-
