2976 5032
370 527 504 615 bcrenr':
529 521 627 617 Quod
643 521 679 590 1ιί
694 541 779 588 nouo
803 529 926 616 quoque
951 521 1003 588 clio
1028 514 1268 612 Repem‘iuum
1293 507 1432 598 salaru-

373 615 477 715 bant,
505 640 535 693 et
560 622 600 689 de
623 623 764 716 propriis
787 621 924 710 capeliis
948 619 1168 688 consulebant:
1184 617 1282 691 Unde
1295 635 1344 694 'et
1357 625 1432 697 Ro·

374 741 541 796 manorum
565 718 684 792 Nonae
710 732 743 786 et
760 714 951 809 Nandioac,
971 715 1015 788 de
1031 715 1152 814 quibus
1168 735 1319 792 accurate
1339 723 1432 797 idam

373 819 567 896 Macrobius
592 818 675 915 agit.
692 813 794 913 Atqui
811 817 936 915 Cyclas
943 822 1137 890 novenarius
1149 833 1332 915 perpetuus
1345 819 1428 922 sn'p·

371 920 470 1020 ponit
494 936 672 994 numerum
687 934 757 989 octo
783 913 880 986 lixum
906 930 939 986 et
965 917 1204 1007 constitutum,
1232 934 1269 988 ut
1294 923 1432 996 Hebdo-

373 1049 447 1092 mua
470 1033 583 1090 nostra
609 1041 776 1088 recurrens
801 1039 863 1112 per
892 1015 1037 1090 Oetaeae
1060 1031 1243 1114 perpetuas
1261 1027 1428 1121 supponit

372 1143 542 1194 numerum
567 1117 666 1190 lixum
691 1116 931 1214 Septenariam.
959 1112 1122 1212 Adeoque
1150 1116 1180 1186 si
1206 1118 1428 1196 Hebdomati.

325 1263 328 1269 ,
373 1244 433 1292 cus
459 1219 589 1294 dieram
614 1239 767 1290 numerus
791 1239 810 1286 a
834 1215 932 1287 nobis
957 1215 1182 1304 Christianis,
1209 1217 1252 1288 ab
1276 1224 1429 1296 omuibus

370 1319 562 1410 Hebraeis,
589 1332 623 1391 et
647 1316 865 1390 Musulmauis
890 1317 936 1387 ob
962 1316 1105 1389 rationes
1131 1315 1424 1416 Theologicasest

373 1421 588 1508 constitutus,
608 1419 723 1515 utique
739 1417 913 1490 tenendum
926 1431 978 1488 est
997 1469 1008 1505 ,
1028 1429 1061 1488 et
1083 1414 1296 1492 Octcncrr'am
1322 1422 1422 1493 Etru-

370 1545 501 1592 scorum
526 1541 705 1607 numerum,
722 1515 780 1614 qui
797 1541 857 1588 uec
870 1515 1121 1588 Astrouomieus
1145 1530 1211 1608 est,
1231 1535 1292 1590 nee
1308 1521 1423 1596 Chro-

369 1621 564 1718 nologicusj
581 1641 642 1713 per
658 1617 802 1694 rationes
818 1615 1196 1714 pariter'lbcologicas,
1209 1643 1327 1717 nempe
1351 1624 1421 1694 Ca·

371 1723 491 1792 biviras
515 1742 535 1788 a
560 1716 797 1791 Sacerdotibus
821 1715 986 1789 Gubiricis
1011 1714 1195 1790 adsumtum
1219 1732 1254 1790 et
1279 1720 1417 1820 adopta·
1474 1734 1477 1753 '

368 1831 438 1892 tum
462 1819 578 1892 luisse.
620 1831 622 1844 '
969 1837 971 1844 ·
1382 1851 1385 1856 ·

418 1918 456 1992 3.
484 1917 535 1991 Ex
561 1935 630 1992 octo
655 1916 786 2017 digitis,
797 1917 856 2016 qui
881 1914 1081 2014 quandoque
1107 1931 1184 1989 suut
1211 1918 1362 2016 Conopis
1378 1921 1424 1992 Ε-

366 2019 487 2093 trusois
511 2019 546 2092 ia
569 2017 687 2092 Museo
718 2019 858 2091 Clusino
876 2019 973 2090 'l'om
990 2017 1021 2088 l.
1039 2017 1124 2092 Tab.
1141 2019 1204 2090 49.
1220 2021 1278 2118 qui
1290 2021 1424 2122 Canopi

367 2135 403 2194 et
426 2120 495 2220 ipsi
521 2133 597 2192 suut
621 2143 661 2190 ex
685 2117 917 2190 vetustissimis
944 2117 1106 2216 symbolis
1123 2117 1260 2193 Panthei
1286 2121 1425 2194 Caetra·-

370 2228 427 2316 ei,
456 2233 493 2294 ut
516 2220 711 2292 adnotamus
736 2217 826 2290 Sect.
843 2218 874 2288 1.
903 2217 1212 2294 Panthei-Etrusci.

670 2351 674 2362 '
740 2353 892 2432 scm».
944 2353 1007 2430 IV.
1066 2435 1071 2443 ,
1199 2431 1202 2438 ,

385 2491 563 2568 Salaciae
585 2493 771 2567 abiectiones
795 2460 919 2592 alipaot
943 2496 976 2564 in
1001 2499 1201 2568 aeterrarium
1223 2520 1393 2570 eameram
1436 2477 1439 2484 ¹

655 2635 658 2639 ,
694 2594 839 2666 Deorum
863 2593 1087 2668 Etruscam.
1131 2647 1133 2652 ,

415 2710 445 2783 Ι.
473 2710 616 2794 Solvitur
638 2711 768 2784 obiectio
787 2717 927 2810 primm
951 2714 1064 2811 paud
1080 2710 1253 2786 Herculem
1278 2712 1423 2788 Panthei

366 2813 509 2884 Etrusci·

415 2903 599 3001 Herculis,
626 2933 724 3008 quem
749 2933 790 2982 ex
814 2911 1055 3010 Hierographia
1080 2910 1207 2986 Graeca
1237 2927 1272 2985 et
1295 2913 1417 2989 Latina

365 3012 527 3100 novimus,
555 3008 662 3108 sigua,
690 3011 820 3108 sigilla,
847 3011 992 3086 dramata
1017 3037 1193 3085 occurrere
1213 3013 1358 3110 plurima
1383 3017 1420 3090 iu

359 3107 608 3208 Hierepraplria
633 3109 779 3184 Etrusco
803 3135 913 3185 uerum
926 3127 988 3186 est.
1004 3111 1120 3211 Aeque
1133 3139 1242 3186 verum
1261 3114 1319 3187 bas
1332 3114 1419 3187 Horu

366 3212 447 3310 calis
471 3209 595 3310 liguros
613 3224 646 3282 et
658 3211 802 3284 dramata
816 3212 860 3284 ad
874 3213 1129 3287 vetustissimum
1142 3214 1323 3288 Pantheum
1340 3216 1417 3287 Ca-

262 3390 270 3400 l
363 3313 497 3383 aarum
519 3335 587 3384 uon
613 3325 777 3410 spectare.
806 3309 875 3385 Sed
900 3339 1004 3413 aeque
1028 3339 1138 3390 rerum
1162 3338 1223 3386 nec
1248 3317 1418 3413 corrumpi

364 3403 427 3485 nee
452 3409 616 3484 immutari
636 3464 647 3504 ‚
674 3411 845 3509 aliudque
860 3428 893 3486 et
910 3415 1075 3487 diversum
1087 3415 1161 3486 lieri
1179 3413 1359 3486 Pantheum
1381 3441 1420 3488 a·

363 3509 486 3582 liouius
510 3509 647 3604 Gentis,
676 3514 732 3585 cui
756 3513 844 3585 alius
870 3515 989 3612 Typus
1014 3515 1242 3610 Theologieus
1267 3537 1418 3586 accesse-

288 3625 292 3638 “
361 3612 422 3700 rit,
449 3611 777 3712 maxime-congruus
803 3627 836 3683 et
862 3629 1083 3710 opportunus.
1112 3613 1157 3684 Et
1181 3613 1211 3682 si
1229 3613 1415 3686 uemo'cul-

358 3725 460 3806 paret
483 3709 764 3808 Arabaeologum,
792 3711 850 3808 qui
875 3737 949 3808 pro·
964 3711 1042 3783 data
1067 3713 1240 3786 occasione
1262 3713 1417 3806 appella-

360 3824 422 3881 ret·
438 3811 607 3884 Romanos
636 3811 840 3901 Catienae,
866 3811 931 3880 atsi
956 3809 1135 3886 Puatlream
1151 3813 1331 3882 Romanum
1349 3839 1414 3886 uou

365 3910 464 3982 auius
478 3908 635 3982 Herculis
660 3906 849 3980 accessione
874 3909 918 3978 sit
943 3923 1072 3982 anetum
1093 3963 1102 4001 ‚
1124 3910 1182 3984 sed
1199 3931 1239 3980 ex
1263 3910 1418 4008 plurimis
1478 3981 1479 3998 ,

356 4001 502 4084 diversis
520 4006 641 4096 etlere
666 4007 813 4079 adversis
838 4008 1009 4079 elementis
1034 4007 1234 4099 eonstiterit,
1260 4011 1414 4108 quisue-
1478 4007 1479 4072 l

276 4172 278 4176 .
359 4107 673 4204 gavera-Etruscos
697 4105 801 4179 luisse
830 4109 1022 4196 Cabirissrtea
1040 4110 1121 4206 quia·
1144 4109 1320 4184 Herculem
1345 4138 1415 4188 uou
1478 4137 1479 4168 ³

358 4209 546 4286 (labiricuua
569 4207 766 4310 receperint
777 4221 813 4284 ot
829 4211 1073 4284 consecrarint?
1086 4207 1191 4313 Atqui
1208 4213 1355 4311 receptio
1371 4227 1409 4286 et
