2966 5022
38 497 181 588 nirata,
210 496 399 590 torquata,
426 483 578 588 galeata,
605 481 740 558 sinistra
762 504 861 558 manu
886 483 1103 588 praelongam

38 603 207 688 lanceam,
230 591 346 666 dextra
363 588 491 662 elevata
513 587 695 662 Braclra'um
718 585 894 659 hammum
923 587 990 659 ium
1020 591 1109 663 raci-
1135 675 1138 684 ,

38 697 121 774 sum'
143 700 339 792 intorquens
363 690 398 762 in
423 687 541 764 virum
565 700 746 780 ocreatum,
772 684 967 777 ludentum,
995 691 1110 787 galaa-

37 817 131 892 tum,
150 796 289 870 brachio
305 790 425 866 dextro
439 803 612 883 ¹mancum,
633 801 668 862 et
684 787 877 888 sauguinem
898 787 1010 862 adhuc
1035 789 1112 864 lun-

40 904 209 991 deutem‚
236 895 366 992 iamque
389 892 426 966 in
450 891 601 990 poplites
626 901 788 982 ruentem,
814 902 850 962 at
874 887 966 964 humi
990 890 1111 990 prola·

41 989 196 1092 beatem,¹
222 995 357 1068 sinistra
381 1016 479 1066 mauu
505 990 776 1092 comprehensam
800 1003 916 1064 tenens
940 1015 1012 1062 rem
1031 987 1122 1090 glo?

39 1105 195 1190 bosam,
223 1111 257 1168 et
281 1121 381 1194 quam
405 1107 445 1164 tu
475 1091 548 1165 Gor
571 1105 662 1164 recte
687 1090 844 1183 dixeris3
877 1090 940 1164 sod
965 1091 1113 1190 quaein
1260 1148 1266 1156 .

40 1206 184 1298 Eotypo
209 1193 456 1294 Vermigliolii‚
483 1189 842 1290 exsculptorisdubiu
867 1191 989 1290 procul
1024 1192 1117 1264 osci-
1213 1220 1217 1228 ·

40 1300 167 1392 tantia,
193 1323 262 1377 non
285 1295 477 1392 exsculpta.
506 1291 690 1390 Adscripta
714 1314 781 1364 rox
799 1317 973 1366 temnas.
1001 1293 1114 1366 Huius
1229 1377 1234 1386 ἱ

45 1417 162 1477 autem
185 1395 362 1472 horribilis
387 1392 611 1470 mutilationis
636 1413 754 1476 causas
778 1416 840 1464 neo
857 1393 1028 1491 Mythiaas
1052 1417 1117 1468 neo

49 1503 271 1596 Allegorioas
297 1495 464 1570 adducere
474 1505 660 1592 potueruut
672 1491 929 1590 Vermigliolius
953 1507 989 1568 et
1000 1494 1118 1594 Inghi-

46 1601 192 1693 ramius,
220 1598 292 1670 leri
315 1611 442 1670 tantum
468 1593 570 1668 oculo
595 1592 731 1667 Bellum
745 1592 936 1668 Titanicum
963 1596 1121 1670 acadda-

45 1717 194 1778 rantes:
221 1696 269 1772 At
295 1699 324 1770 si
349 1695 662 1771 animadvertissent
699 1693 838 1768 Stellam
878 1695 1031 1772 Dramati
1068 1697 1124 1772 in-

47 1801 221 1901 sculptam
247 1798 353 1898 cupiti
377 1797 453 1874 Viri
477 1797 626 1870 mutilati
650 1793 845 1893 adpositam
881 1821 957 1870 essa
984 1799 1122 1894 symbo-

47 1906 126 1978 lum
156 1898 284 1974 Titanis
308 1897 647 1990 characteristicum,
675 1895 761 1994 quia
785 1911 878 1968 astra
907 1896 1059 1972 Titania:
1087 1898 1124 1974 in

49 2001 189 2086 arcanis
214 1989 346 2095 Mythis
370 1997 536 2091 Sabauiis,
554 2022 641 2096 quae
657 1995 847 2068 retulerunt
864 1996 1021 2094 Hyginus
1037 1998 1122 2072 Fac.

51 2102 149 2176 tssi.
178 2123 261 2198 pag.
289 2099 377 2170 282.
406 2097 525 2170 Sahal.
554 2097 695 2172 Homeri
721 2099 770 2168 ad
785 2096 892 2169 Iliad.
913 2095 958 2169 A.
979 2123 1014 2172 r.
1033 2101 1123 2174 200.
1285 2155 1290 2178 .

50 2201 201 2276 Nomius
226 2199 374 2296 Dionys.
402 2196 544 2270 XXIII.
573 2224 656 2298 pag.
689 2197 776 2270 622.
801 2196 874 2270 Jul.
891 2196 1036 2271 Firmis.
1053 2197 1128 2272 Mu-
1166 2253 1169 2260 -

52 2320 173 2376 ternus
198 2303 241 2374 tle
267 2298 354 2372 Era.
380 2298 471 2392 Prof.
499 2296 574 2371 flet.
591 2325 629 2398 p.
656 2298 718 2383 tlt.
736 2299 796 2376 ta.
817 2295 963 2374 Tactzea
989 2299 1032 2372 ad
1057 2300 1131 2402 ty·

7 2461 9 2486 ‚
54 2407 166 2502 copltr
188 2427 225 2476 v.
259 2399 349 2471 355.
382 2401 449 2474 Gor
470 2398 593 2472 Bacchi
620 2397 762 2498 Zagruci
797 2397 901 2472 luisse
926 2425 947 2472 a
974 2399 1130 2475 Minerva

55 2516 248 2602 receptum,
277 2515 455 2593 servatum,
483 2512 517 2572 et
540 2499 620 2574 Jori
644 2499 738 2574 Patri
763 2499 938 2591 traditum,
966 2515 1006 2574 ut
1030 2526 1134 2601 gauc-

56 2595 190 2679 ratiorii
216 2614 252 2674 et
276 2599 528 2701 Palingeuesiae
551 2600 771 2680 Neo-Bacchi
808 2600 953 2674 Semelei
990 2601 1134 2676 inserui·

59 2717 148 2778 ret:
178 2701 309 2798 Utique
334 2715 369 2776 et
393 2701 582 2774 necessario
609 2701 726 2774 debuit
751 2725 827 2776 esse
852 2701 1022 2800 Mythus,
1057 2724 1135 2800 .quo

64 2801 279 2894 tradebatur,
308 2815 342 2872 et
367 2817 500 2900 raptum
530 2802 596 2875 Cor
619 2801 763 2900 Zagraei
788 2828 808 2874 a
835 2802 958 2876 Titano
981 2803 1137 2878 coniura-

66 2919 118 2995 to,
136 2917 171 2974 et
195 2927 237 2972 cx
264 2929 306 2975 eo
333 2901 505 2976 debellato
521 2914 690 3000 prostrato
709 2917 744 2976 et
760 2901 943 2978 transfosso
964 2917 1138 3003 receptum

69 3030 88 3076 a
112 3003 267 3075 Minerva
294 3002 464 3078 victrice:
494 3003 593 3101 quod
613 3003 749 3078 omnino
775 3003 914 3078 habetur
943 3028 1138 3104 expressum

69 3105 239 3201 praesenti
263 3103 435 3178 Dramate.
464 3104 510 3176 Et
534 3103 738 3202 prolecto-si
755 3103 792 3176 in
815 3129 912 3178 manu
925 3105 1057 3178 Titanis
1074 3106 1144 3179 Gca·

72 3218 137 3295 est,
166 3202 199 3273 si
223 3203 429 3302 adscriptum
455 3231 632 3296 acnnrna,
649 3206 885 3297 sinerentur,
912 3205 1007 3304 quod
1031 3206 1142 3305 ipsum

76 3303 204 3402 Kapdra
230 3303 453 3396 Hellanicum,
474 3318 509 3376 et
528 3330 640 3378 conon
667 3305 837 3397 Latinum,
856 3306 973 3405 utique
989 3309 1025 3380 in
1042 3329 1141 3379 manu
1202 3319 1208 3326 “

75 3430 211 3476 lunare..
234 3405 307 3478 sive
332 3406 477 3477 truncati
507 3421 586 3492 na)
610 3431 677 3476 nar
703 3429 837 3478 nouare
856 3407 990 3480 Titanis
1007 3421 1057 3479 est
1074 3428 1143 3478 oon

79 3529 234 3576 uenarum
262 3503 421 3578 Lacerati
444 3513 522 3599 mh
548 3532 622 3582 unu
640 3525 768 3582 actura
784 3507 928 3596 Bacchi,
957 3505 1052 3606 quod
1073 3505 1142 3580 Mi·

26 3633 38 3684 2·
79 3627 175 3677 nerra
200 3605 336 3702 recipit.
364 3607 487 3679 Drama
513 3607 621 3680 simile
646 3607 711 3678 etsi
737 3631 803 3683 non
828 3607 875 3680 ita
893 3607 1086 3699 distinctum
1101 3621 1138 3683 ot

28 3749 29 3752 =
81 3704 309 3782 arideusalio
333 3705 369 3778 in
395 3706 544 3806 Speculo
570 3731 761 3806 expressum
786 3704 863 3800 fuit,
883 3709 979 3808 quod
995 3711 1141 3809 primum

28 3753 32 3850 l
85 3801 188 3876 edidit
213 3803 339 3904 Caylus
363 3807 500 3882 Racueil
524 3808 623 3881 Tum.
651 3806 713 3880 IV.
743 3806 832 3880 Tah.
861 3806 937 3881 36...
951 3835 1030 3908 pag.
1051 3811 1140 3882 tot.

85 3903 216 3980 atinde
244 3906 466 4006 Iughiramius
492 3910 556 3981 loc.
584 3917 640 3982 cit.
668 3907 755 3982 Tar.
786 3909 848 3982 80.
877 3907 964 3984 Nam
989 3911 1145 3982 Minerva

86 4000 190 4076 efficta
216 4021 266 4078 cst
290 4007 455 4104 subligari
481 4021 606 4082 tautum
630 4019 730 4101 tecta,
757 4022 792 4082 et
816 4009 1000 4099 seminuda,
1043 4007 1147 4079 Titan

88 4125 162 4172 reru
181 4117 325 4186 truncus¹
339 4109 477 4206 quidem
502 4129 537 4182 et
560 4132 695 4182 mancus
720 4107 839 4181 dextro
864 4107 1036 4196 brachio,
1080 4099 1145 4180 scd
1232 4151 1236 4158 ·

89 4199 233 4298 iacturis.¹
267 4208 420 4286 Minerua
444 4221 552 4284 autem
578 4207 770 4287 curatione
795 4208 922 4310 absque
948 4227 1008 4280 sua
1033 4203 1143 4287 Pauo-
