2924 5024
66 438 142 502 nus,
172 423 238 483 eto.
267 421 358 482 oerto
383 407 640 508 deprehenditur
665 435 737 482 esse
763 412 795 482 in
809 437 850 483 eo
864 317 1114 494 disoorobudlblunr

61 527 93 584 et
119 509 394 608 distinguendum
421 514 453 580 l.
482 508 659 584 Pantheum
673 511 917 610 Monupluiriottm
935 514 1114 588 Cobirirum

58 633 97 682 er
124 613 221 683 Statu
246 607 408 706 Ogdonde
432 607 566 698 suetum,
593 622 626 680 et
651 611 693 684 de
717 637 784 708 quo
799 613 944 707 saepius,
971 627 1005 684 et
1031 639 1110 708 pro·

61 709 129 782 lixe
156 711 227 808 ipsi
251 710 390 806 egimus.
419 712 455 780 2.
483 707 663 782 Pantheum
684 710 892 784 Bubastieum
917 712 1116 784 etButr'tunr

61 808 243 906 Apollinis
266 821 302 882 et
325 807 463 880 Dianae.
494 806 531 880 3.
560 808 739 882 Pantheum
763 811 923 882 Saitioum
966 811 998 882 N
1004 809 1115 884 eitbue

61 910 117 982 vel
145 907 307 1005 triplicis,
333 905 386 978 vel
412 906 653 1002 quadruplicis.
669 909 720 978 ’4.
747 907 1036 998 Heracleoticum,
1078 909 1114 984 io

64 1035 133 1105 quo
160 1008 289 1104 triplex
314 1005 475 1079 Hercules
500 1005 621 1094 Chen,
665 1007 720 1080 uel
745 1008 867 1081 Gbiuu.
888 1007 933 1080 Ι5.
960 1009 1114 1081 Hermai·

65 1137 155 1198 eum,
185 1108 221 1177 iu
246 1132 314 1204 quo
339 1129 460 1178 summu
484 1105 731 1202 probabilitate.
748 1107 871 1202 triplex
896 1107 1113 1197 Mercurius,

61 1221 94 1278 et
118 1219 157 1277 ut
183 1205 303 1278 Buddu
327 1205 427 1303 plene
464 1228 612 1301 mugnus.
653 1207 689 1277 6.
736 1205 995 1306 Tentyo'tioum,
1040 1209 1110 1278 sive
1250 1273 1256 1284 ,

61 1305 257 1403 Athergutis
283 1305 385 1402 Syrue
409 1303 633 1402 Ietyophilae.
662 1307 698 1374 7.
720 1305 926 1378 Ammonium
949 1319 984 1376 et
1007 1305 1112 1404 Liby-

64 1433 135 1477 cum
178 1404 274 1476 Jouis
300 1405 371 1476 sive
396 1401 567 1499 Apollinis
592 1401 796 1475 Oruouleris.
824 1406 862 1476 8.
889 1405 1047 1494 isiacum,
1076 1405 1118 1478 in·

67 1529 132 1600 quo
160 1503 271 1576 Osiris
288 1516 329 1575 et
353 1503 579 1599 Typbou.·9.
606 1501 795 1598 Serapionem
820 1515 886 1574 eto.
915 1517 949 1577 et
966 1503 1012 1574 ita
1026 1527 1110 1600 por-

71 1629 131 1673 ro:
161 1601 337 1700 Quidquid
362 1603 396 1675 in
422 1600 624 1696 amplissime
661 1601 902 1698 Hierogrnphiu
923 1599 1111 1698 'Aegyptia
1181 1663 1184 1668 .

69 1725 139 1771 esse
164 1703 292 1798 poterit
317 1701 558 1796 Synoretismus
583 1697 697 1772 borum
722 1713 756 1770 et
784 1701 924 1770 oliorum
945 1699 1113 1772 vPuntlreo-

68 1826 140 1872 num
170 1799 478 1874 beteroteebnorum
502 1813 537 1870 et
561 1797 882 1870 hetoroethnioorum
922 1798 1049 1892 origine
1092 1825 1111 1870 u

71 1899 239 1996 Collegiis
264 1899 444 1996 Aegyptiis
470 1897 740 1970 sacerdotalibus
765 1911 930 1992 pernotus.
959 1895 1044 1972 Nam
1062 1911 1113 1968 to-

72 2013 125 2070 tus
151 1999 261 2072 udbuo
286 2000 420 2095 ignotus
445 2010 497 2068 est
522 2010 555 2070 et
580 1997 815 2092 incompertus.

117 2102 156 2168 2.
186 2097 384 2170 Exumiuutis
409 2110 506 2193 etque
523 2095 671 2168 excussis
684 2095 848 2168 Pantheir
865 2092 1020 2166 ludorum
1046 2095 1115 2166 ula·

74 2222 107 2268 ro
129 2197 279 2294 arguitur
303 2209 445 2293 quotuor
469 2185 625 2266 distinctu
641 2195 803 2274 Pantheo
826 2193 930 2266 fuisse
948 2193 1031 2268 olim
1056 2196 1112 2266 ln-

75 2301 122 2366 rlir
141 2311 216 2392 ,let
241 2322 278 2370 eu
302 2320 403 2390 posse
427 2293 527 2366 modo
552 2293 716 2389 distingui
741 2293 867 2386 luoile,
896 2306 930 2366 et
955 2295 1111 2367 secerni:

45 2405 47 2408 ’
76 2395 203 2491 Nempe
230 2399 264 2466 l.
293 2395 471 2484 Sr'oiticum,
499 2393 842 2489 ipsumxBoeeln'eum
875 2408 909 2464 et
926 2393 1115 2488 Apollineoss

71 2495 275 2589 ¹Boooln'oruo
300 2495 471 2590 Syrorum.
499 2495 537 2564 2.
570 2492 796 2566 Wrouoitr'oum
808 2492 917 2587 ipsum
934 2491 1113 2562 Ouuoioum

77 2607 108 2663 ut
131 2592 335 2690 Neptunium
359 2590 632 2688 Babyloniorum.
674 2591 709 2662 3.
750 2592 971 2664 Buddirticum
1008 2588 1116 2660 adbuo

76 2693 256 2788 ignotum,
292 2693 401 2772 multd
437 2688 675 2786 probabilitate
712 2715 750 2761 ex
793 2712 911 2762 eroeuo
954 2685 1117 2782 Aegyptii

54 2794 193 2862 ..summi
222 2790 339 2863 Tltotlzi
363 2789 529 2862 eductum.
575 2789 611 2859 lu.
657 2791 901 2864 Brobmotieum
943 2787 1116 2886 proprium

79 2889 199 2962 Seciae.
215 2904 249 2962 et
272 2889 407 2962 scholae
430 2890 686 2961 Brulumoniroo.
978 2947 981 2955 .

122 2989 160 3060 3.
189 2987 432 3086 Olopantbeum
460 2987 657 3060 Graecorum
682 2987 966 3084 laetum-primunr
983 2987 1117 3058 exPan·
1204 2984 1212 2992 ’

79 3087 162 3160 tbeis
186 3088 407 3162 ldioethnieis
433 3101 466 3158 et
490 3086 637 3184 propriis
662 3086 883 3159 illustriorum
913 3085 1077 3156 'luibuum
1104 3115 1113 3158 :
1158 3164 1161 3170 ,

74 3200 109 3254 ut
133 3191 318 3260 Atticorum
334 3240 344 3276 ,
360 3186 494 3282 ¹quibus
519 3186 649 3260 luerunt
673 3187 732 3256 Dii
757 3186 863 3280 magni
890 3199 924 3258 et
947 3186 1117 3280 principes

85 3285 270 3374 Vulcanus,
297 3286 433 3384 Apollo,
461 3287 645 3373 Minerva,
674 3297 739 3356 ete.
769 3287 938 3360 Arcadum
959 3284 1118 3382 ,ouibus

79 3385 133 3458 Dii
158 3385 271 3482 magui
297 3398 331 3456 et
355 3383 683 3483 Prinoipesdopiter
698 3385 863 3482 Lyoueus,
891 3385 964 3455 Pon
988 3382 1117 3477 Lycae-

81 3512 116 3556 us
135 3486 360 3576 frueremur
384 3481 554 3557 Atlantius
581 3497 647 3554 eto.
677 3483 712 3555 3.
742 3485 968 3579 Arpinorum,
996 3479 1118 3578 quibus

82 3585 168 3656 June
195 3582 343 3658 Arobaea
367 3587 438 3658 Deo
462 3585 619 3680 princeps
644 3594 709 3654 eto.
730 3583 781 3654 Ex
798 3582 1120 3658 Pantheollulleoum

82 3683 243 3756 communi
266 3684 415 3774 Poetioo,
444 3682 625 3780 Mytbioo,
652 3682 964 3771 Cosmoohronioo'‚
992 3683 1119 3774 inquo
1239 3685 1241 3691 ’

85 3779 214 3856 liranus
239 3797 272 3856 et
301 3783 396 3857 Gaea
422 3798 497 3857 sunt
522 3783 619 3879 quusi
662 3782 813 3879 symbola
855 3780 1011 3877 Epoobue
1037 3779 1120 3847 Cos·
1203 3835 1205 3840 s

82 3883 301 3978 mogooioue':
329 3883 459 3956 Kronus
477 3897 511 3956 et
528 3883 625 3954 lilaea
651 3882 811 3977 Symbola
846 3876 1119 3978 lllundillntedi·

81 3978 219 4074 luviani,
239 3977 332 4056 Zeus
358 3997 392 4053 ot
416 3983 506 4056 Hero
531 3983 690 4078 Symbola
715 3979 837 4054 Mundi
862 3975 1118 4064 Postdiluuiuui,
1230 3999 1231 4002 ¹

79 4091 112 4149 et
135 4083 255 4176 nostri.
284 4081 384 4178 Quod
409 4082 588 4158 Pantheum
625 4083 690 4156 etsi
731 4079 855 4154 verium
880 4093 914 4152 et
939 4077 1119 4176 implexum
