2966 5022
45 471 144 542 nistra
171 466 216 538 ad
242 463 396 558 angulum
422 461 568 551 elevata,
596 481 712 558 pugno
738 457 964 552 semiclauso,
991 479 1025 535 et
1049 465 1093 536 si-

43 570 145 642 nistro
172 565 263 664 pede
288 565 491 660 aliquantum
517 561 669 658 prolato.
699 559 828 632 Gorius
859 561 907 632 ll.
935 587 973 659 p.
1006 563 1090 637 130.

48 669 130 739 131.
161 669 271 765 ipsum
296 661 460 736 Bacchum
485 659 567 734 lecit
584 687 594 750 ;
614 659 675 734 sed
692 659 789 732 nullo
808 675 904 734 oeeto
922 687 1096 759 argomen-

42 781 92 840 to.
125 767 211 840 Nam
236 791 342 862 neque
366 762 448 834 haee
474 761 621 832 Persona
639 760 845 856 Thyrsigem
872 773 937 848 est,
966 776 1002 833 ut
1028 787 1093 859 pu-

40 869 132 938 tabat
158 866 308 956 Gorius,
335 889 441 958 neque
459 861 627 933 Hiunulus
653 861 696 932 ad
722 885 820 930 uuum
838 860 1007 934 Bacchum
1028 887 1095 959 po-

39 967 99 1036 tuit
126 981 292 1064 spectare.
322 963 430 1036 Nobis
457 963 502 1032 ob
528 961 663 1035 oriteria
689 960 837 1033 indicata
863 976 915 1034 ost
941 985 1020 1051 utu,
1037 967 1094 1036 oui

37 1068 171 1164 egregie
197 1064 351 1136 convenit
379 1061 566 1159 symbolum
591 1061 731 1146 Hinouli
756 1059 827 1130 sive
855 1081 918 1149 223
933 1057 1035 1152 ozor,
1058 1076 1093 1136 et

37 1163 96 1249 hh<
121 1193 209 1256 επις
239 1165 323 1236 Nam
349 1152 417 1245 hh<
443 1175 495 1234 ost
519 1163 640 1252 Deus,
667 1175 701 1230 et
726 1160 819 1232 Deus
846 1186 937 1252 una,
965 1174 999 1232 et
1024 1181 1089 1250 επ

38 1294 106 1336 uzut
135 1281 188 1338 est
213 1271 351 1352 iuvenis,
379 1263 503 1335 floreus
527 1274 650 1349 aetate,
671 1261 738 1332 imo
763 1262 824 1358 qui
850 1263 885 1334 iu
911 1261 1091 1336 iuvenilem

37 1377 66 1434 et
88 1391 210 1438 noram
235 1379 377 1438 aetatem
403 1363 494 1433 redit
520 1374 554 1433 et
579 1361 784 1452 revertitur,
831 1363 925 1458 quod
949 1363 1092 1436 laribus

36 1468 221 1538 necessario
246 1462 475 1536 tribuendum.

36 1613 38 1620 ·
78 1568 113 1637 8.
149 1567 225 1638 Lau
251 1581 417 1636 octavus:
458 1563 549 1634 lutor
574 1559 725 1634 Menum.
752 1567 876 1638 inedita
906 1566 988 1638 luat.
1021 1565 1091 1636 Ar-

36 1668 163 1738 elmeol.
194 1665 334 1736 Rornae.
354 1663 397 1732 T.
415 1662 445 1734 Ι.
469 1663 555 1734 Tab.
579 1660 638 1732 58.
659 1663 719 1732 59.
743 1663 851 1734 1833.
882 1662 1091 1762 conspicitur

37 1761 188 1863 Eetypus
214 1765 309 1858 Signi
335 1763 436 1852 aerei,
465 1788 533 1859 quo
560 1761 735 1832 exhibetur
759 1759 899 1835 Juvenis
929 1769 961 1834 1.
989 1763 1091 1860 plene
1236 1755 1242 1777 ‘

33 1865 153 1956 nudus.
184 1869 221 1935 2.
251 1865 370 1934 Coma⁴
392 1881 499 1934 tamon
538 1861 717 1932 scitissime
742 1875 850 1932 comta
876 1879 911 1934 et
934 1878 1087 1962 aequato.

34 1965 65 2032 3.
95 1965 250 2035 Brachiis
276 1965 318 2034 ad
343 1963 500 2056 angulum
539 1960 692 2032 elevatis.
723 1961 760 2030 1.
791 1961 936 2034 Sinistro
956 2036 957 2040 ,
974 1989 1088 2060 pugno

31 2064 248 2134 semiclauso.
278 2065 313 2131 5.
342 2061 487 2132 Dextera
511 2085 606 2130 manu
632 2063 744 2156 pussd.
775 2061 810 2130 6.
840 2061 984 2133 Sinistro
1002 2064 1089 2158 pede

29 2163 184 2255 prolat03
203 2163 235 2232 in
263 2187 330 2258 quo
358 2161 457 2231 hahet
481 2161 641 2256 iuscripta
658 2159 751 2232 haee:
773 2157 991 2233 ΑΘΑΝΑΙΑ
1008 2163 1088 2233 ΔΕ-

29 2258 206 2334 ΚΑΤΑΝ.
225 2261 333 2332 Raoul
348 2259 513 2331 Roohette
527 2261 584 2357 qui
597 2259 729 2355 prolixe
746 2259 789 2330 de
815 2262 880 2334 hoo
894 2263 998 2360 Signo
1016 2263 1088 2335 dis-

32 2363 138 2432 seruit
164 2365 265 2434 Tom.
293 2361 338 2434 V.
367 2363 496 2450 Annal.
525 2383 562 2455 p.
595 2358 677 2432 193.
710 2360 794 2432 tot.
821 2378 886 2432 eto.
916 2361 1033 2434 hahuit
1051 2377 1088 2436 ut

30 2475 169 2544 mutuam
185 2461 379 2549 ¹lladuohi‚
407 2451 479 2533 sive
505 2459 679 2532 Sacrorum
703 2459 901 2554 administri,
929 2476 963 2534 ot
987 2489 1087 2562 quem

29 2562 207 2638 Camillum
233 2577 329 2658 potes
356 2560 457 2632 otiam
498 2558 696 2656 adpellare,
737 2561 792 2632 vel
818 2561 959 2634 lunonis
984 2563 1084 2636 Laur-

28 2661 233 2755 padophori.
249 2657 331 2732 'sed
358 2660 452 2730 nullo
478 2683 589 2754 aequo*
611 2675 816 2757 argumento.
838 2662 1009 2734 Letroune
1023 2664 1087 2758 qui

30 2761 194 2852 prolixius
220 2761 318 2831 etiam
345 2761 388 2832 de
415 2759 477 2831 hoo
503 2760 608 2855 Signo
635 2761 704 2855 egit
729 2760 827 2834 Tem.
857 2761 920 2834 Vl.
950 2763 1081 2834 Annal.

34 2859 137 2928 1831.
160 2883 246 2964 pag.
276 2863 363 2946 198.
405 2859 447 2932 ad
487 2857 573 2930 232.
615 2860 731 2934 hahuit
773 2869 915 2932 statuum
940 2863 1085 2937 votivam

29 2953 201 3053 Apollinis
227 2962 371 3042 dinatum
397 2960 583 3036 Minervae.
600 2959 714 3052 ‘Quod
739 2963 845 3034 teneri
870 2987 939 3034 non
955 2977 1082 3058 potest.

30 3054 110 3127 Nam
153 3086 220 3132 nou
262 3061 383 3140 modo·
408 3059 493 3132 nihil
517 3073 570 3140 est
596 3061 799 3156 insigne,
844 3062 938 3158 quod
964 3062 1001 3134 id
1026 3063 1083 3136 vel

31 3152 198 3234 levissimo
222 3163 387 3235 suadeat:
414 3161 493 3256 quin
520 3154 810 3258 omnia'adrersa.
841 3161 924 3232 Nam
951 3163 1084 3236 uniren-

33 3280 63 3326 sa
86 3260 184 3355 Signi
202 3257 321 3350 souma,
340 3261 434 3356 quod
451 3273 539 3331 reete
566 3261 849 3332 animadverterat
868 3261 916 3331 ll:
932 3261 1082 3333 Roeltet-

31 3368 59 3424 te
82 3359 151 3431 loca
185 3360 254 3430 eit..
272 3379 310 3456 p.
339 3364 426 3430 201.
456 3363 542 3428 202.
565 3374 615 3442 est
634 3360 808 3432 Simulaeri
827 3362 979 3451 humaui,
995 3362 1083 3434 :leon

31 3455 332 3552 Cyriosehomatiea
356 3459 496 3529 lunonis
522 3460 681 3533 humani:
717 3461 781 3533 Cui
796 3463 958 3534 maximo
982 3486 1083 3560 argu«

32 3574 129 3628 meato
159 3562 190 3630 si
216 3559 372 3635 addimus
394 3558 583 3630 absolutam?
597 3561 778 3634 nuditatem
796 3589 804 3633 ι
825 3563 1002 3634 Sinistrum
1019 3567 1093 3660 pe·'
1121 3553 1124 3560 ⁶

31 3653 98 3726 dem
123 3661 296 3755 prolatum
316 3685 326 3748 3
355 3660 488 3735 Manum
514 3660 681 3733 dexteram
699 3685 843 3756 passum3
864 3665 1013 3760 Pnguum
1030 3666 1078 3737 si·

31 3755 160 3830 nistrum
191 3758 421 3831 semiclausum
441 3783 464 3829 ·.·.
478 3754 614 3832 Comum
640 3759 817 3858 seitissime
835 3763 956 3835 lictum:
980 3787 1080 3862 prae·

31 3852 256 3931 stantissimam
282 3861 396 3955 petius
411 3859 518 3930 Laris
545 3861 710 3958 Pelasgioi
737 3878 875 3935 statuam
913 3883 1074 3958 agnosco·-

31 3977 96 4025 mus
122 3975 154 4028 et
180 3959 365 4032 fatebimur.
396 3959 548 4056 Mihique
568 3961 654 4034 illud
670 3961 876 4060 adscriptum
889 3959 1075 4036 ΑΘΑΝΑ-

31 4046 75 4123 lh
100 4056 322 4132 ΔΕΚΑΤΑΝ
348 4072 399 4132 est
424 4088 456 4134 o.
475 4060 628 4157 Admeto
665 4063 771 4159 δεχευ
801 4088 870 4135 aar
907 4080 1025 4153 nempe
1050 4079 1072 4124 o

27 4148 178 4232 Minerva
203 4167 326 4262 autema
351 4161 439 4240 liano
464 4159 623 4236 leoneme
651 4185 735 4262 quae
762 4165 893 4233 Putrem
917 4156 972 4229 rel
998 4153 1074 4229 Ma-
