2966 5022
334 339 504 532 eulalii,
531 448 569 510 nt
593 429 737 510 vidimus
748 455 786 532 p.
806 432 891 506 107.
909 429 1098 530 utsupra
1111 428 1259 533 Phrygia
1275 433 1402 537 Cybele

339 541 533 614 aridissima
561 535 697 629 livium,
725 535 800 634 ipsa
824 535 1016 630 Atherpota's
1041 531 1127 630 Syra
1159 557 1265 634 acque
1287 537 1403 610 uvida:

342 639 420 740 ipsa
444 639 590 712 Comana
614 637 702 728 Dea,
730 650 765 708 et
789 633 925 707 Anaitis
947 633 1058 706 Mater
1077 685 1089 725 ,
1105 637 1165 705 ut
1179 659 1221 708 ex
1245 637 1406 734 operibns

342 737 515 829 Vandalii,
542 735 698 836 Georgii,
726 733 1010 836 lleyniipnterit
1029 733 1142 832 quiris
1167 732 1270 809 lacile
1290 761 1403 810 nosse.

341 838 449 916 Adest
472 851 581 909 antem
607 837 758 909 Minerva
783 836 864 934 quia
895 834 1036 908 eviratio
1068 835 1198 908 Bocchi
1232 835 1406 936 Protogeni

338 955 373 1013 et
397 936 577 1012 seminileri
601 937 651 1010 ad
670 937 822 1010 Telluris
847 949 882 1008 et
906 933 1004 1008 Coeli
1027 936 1273 1034 generationem
1291 951 1326 1009 et
1343 965 1401 1010 ex-

338 1039 556 1140 plicationem
571 1041 735 1136 spectat:
769 1037 858 1110 unde
882 1035 1055 1133 uulgatum
1080 1035 1114 1106 in
1133 1037 1264 1134 Mythis
1281 1039 1399 1112 Helle-

334 1141 423 1214 nicis
440 1139 626 1213 Minervam
644 1140 744 1210 etiam
756 1135 947 1210 interfuisse
958 1136 1155 1209 lacerationi
1168 1150 1201 1209 et
1215 1163 1410 1238 σπαραγμω

336 1243 481 1340 Dionysi
504 1237 691 1335 Protogeni.
718 1237 891 1336 Dionysus
922 1249 1031 1309 autem
1063 1235 1243 1312 evisandus
1277 1228 1402 1313 dieitu'r

335 1338 616 1437 allierngraphn
642 1337 787 1411 Etrusco
813 1357 1068 1431 cuano-cnara,
1100 1324 1232 1445 wli>
1256 1365 1400 1440 nur-orn

334 1463 454 1516 our-urs
475 1443 599 1538 hempc
624 1423 687 1526 rh)
712 1465 773 1510 arr
797 1465 871 1529 nus,
899 1437 1083 1538 allegorica
1104 1444 1265 1538 plenitur,
1293 1456 1327 1516 et
1354 1461 1401 1550 up

334 1569 400 1628 ora
426 1550 567 1635 fractum
593 1547 777 1632 effluentum,
803 1539 859 1614 rol
885 1523 950 1623 hm
968 1565 1025 1610 cru
1042 1543 1126 1612 or'res
1142 1543 1242 1616 robur
1256 1547 1397 1633 froctae,
1463 1579 1465 1634 ς

333 1659 371 1718 et
394 1657 509 1716 notum
533 1641 570 1713 in
600 1640 803 1714 Taurobolri's
829 1639 938 1738 Lydis
967 1639 1064 1714 Vires·
1097 1639 1201 1715 Tauri
1239 1643 1400 1714 collectas
1464 1647 1465 1726 ἶ

335 1759 373 1817 et
398 1755 547 1818 serratas
572 1740 689 1816 luisse.
718 1741 764 1813 Et
787 1767 856 1814 non
881 1739 1002 1812 dubito
1032 1739 1114 1838 quin
1149 1741 1274 1815 sollers
1301 1743 1400 1817 Parn—

334 1851 434 1920 diista
461 1845 627 1916 Etruscos
650 1841 817 1916 vocabula
834 1840 1004 1914 Laconica
1021 1839 1066 1912 nd
1084 1841 1205 1914 Drama
1226 1870 1322 1936 snum
1340 1869 1403 1916 non
1464 1845 1465 1938 l

335 1946 520 2046 aptaverit,
546 1943 595 2016 itu
620 1957 658 2016 ut
682 1967 876 2016 nunu-runo
904 1942 950 2041 sit
974 1941 1030 2012 hlc
1055 1931 1225 2058 *gin-&hb
1250 1970 1401 2018 nnn-rus
1463 1995 1465 2038 ,

215 2043 218 2050 ’
334 2048 394 2141 qni
418 2049 560 2120 mettium
584 2061 657 2164 geru
683 2071 752 2116 run
777 2045 921 2140 aliquem
947 2027 1025 2131 {eho
1067 2067 1131 2115 ma
1163 2045 1276 2117 diuidit
1313 2047 1401 2116 loce·
1464 2055 1465 2124 l

334 2163 400 2221 rut.
431 2147 476 2223 Et
500 2146 581 2243 quin
609 2169 781 2218 nasu-unu
806 2145 867 2216 ille
892 2143 952 2234 sit,
972 2144 1032 2242 qui
1087 2187 1091 2196 ·
1119 2169 1293 2236 ornnes,
1323 2163 1401 2240 {tm

331 2248 436 2338 ··.rrro,l
446 2253 573 2318 lacerat
598 2255 701 2335 aec'ut,
718 2256 784 2332 wi!
796 2271 882 2316 rann
901 2247 1017 2337 cultro,
1038 2269 1077 2314 re
1111 2253 1267 2342 stringens
1285 2259 1398 2316 stran-

336 2350 472 2444 gulans.
501 2341 594 2415 Illud
619 2343 757 2444 insuper
782 2345 884 2418 velim
910 2344 1262 2420 adnotariDioscn'ros
1287 2343 1400 2416 Laco-

317 2473 395 2524 nes
420 2445 554 2517 habitos
579 2444 746 2521 interdum
771 2460 807 2518 et
830 2447 938 2518 laotos
964 2445 1191 2543 Trigeminos,
1211 2459 1245 2518 et
1263 2443 1314 2515 eis
1331 2443 1403 2517 Mi·
1462 2431 1464 2466 ³

335 2573 468 2622 nerrum
493 2545 708 2648 adpositam,
736 2559 774 2616 nt
799 2547 835 2619 in
861 2545 1003 2616 Etrusco
1030 2548 1212 2639 Dramate,
1241 2545 1398 2644 quemad·
1462 2559 1464 2588 ²

334 2650 472 2723 modum
496 2673 536 2722 er
561 2647 740 2722 Pausaniae
765 2645 862 2720 Lihr.
891 2644 957 2716 Ill.
988 2646 1022 2716 in
1048 2652 1176 2723 Lacon.
1205 2671 1286 2746 pag.
1314 2647 1397 2716 tot.

336 2765 497 2840 constat,
526 2763 559 2819 et
585 2774 645 2820 eos
670 2747 790 2846 quiin
815 2746 882 2819 hoc
907 2748 1063 2822 Dramate
1098 2748 1241 2846 aliquod
1278 2745 1400 2818 lactum
1463 2755 1464 2760 ’

337 2849 485 2922 liliorum
499 2845 646 2944 Apharei
674 2847 802 2919 vellent
818 2847 975 2920 'invenire'
998 2862 1033 2919 et
1056 2847 1309 2947 deprehendere
1334 2847 1402 2942 lru·

292 2993 296 3006 ·
335 2962 406 3020 stru
433 2972 520 3020 esse.
549 2947 618 3021 Sed
646 2948 702 3022 hlo
726 2950 898 3022 Bacchum
924 2948 1063 3022 llasium
1097 2951 1168 3024 sire
1205 2949 1317 3046 ipsum
1340 2947 1401 3022 Jo-

335 3075 409 3120 oem
434 3049 575 3123 Kasium
601 3051 763 3148 Syrorum
789 3048 930 3122 indicari
956 3071 1030 3120 esse
1054 3050 1155 3148 plane
1179 3048 1360 3148 probabile
1387 3099 1399 3138 ,

335 3149 432 3222 cuins
455 3151 589 3223 Bacchi
612 3151 730 3223 Fatum
755 3150 899 3223 indicari
925 3147 1023 3234 etiam
1048 3166 1195 3224 tenemus
1217 3149 1290 3223 'alin
1317 3149 1403 3246 Spe·

264 3325 266 3332 ,
334 3250 414 3322 culo
440 3251 599 3344 Etrusco,
627 3251 722 3350 quod
747 3251 856 3324 edidit
881 3249 1072 3324 Schiassin's
1098 3255 1139 3324 de
1164 3249 1273 3323 Pater.
1303 3250 1395 3322 Tah.
1463 3321 1464 3328 ,

333 3352 397 3424 20.
429 3367 463 3426 et
487 3377 555 3450 qno
582 3352 776 3425 exhihentur
801 3366 870 3424 tres
895 3349 1139 3429 Adulescentes
1157 3352 1226 3426 lere
1243 3350 1400 3449 ueqneles

331 3452 435 3543 nudi,
462 3453 604 3526 l'ileolis
630 3454 789 3551 Phrygiis
816 3453 936 3545 ornati,
963 3477 1104 3549 quornm
1129 3454 1198 3526 dno
1217 3452 1295 3523 hinc
1320 3451 1400 3530 inde

335 3552 503 3644 sedentes,
532 3554 663 3630 medius
688 3555 813 3646 iunior,
840 3555 957 3628 dextra
974 3551 1131 3648 demissa,
1151 3553 1248 3647 quasi
1266 3552 1403 3624 chartus

334 3665 369 3724 ot
395 3654 612 3751 syngraphis⁴
628 3683 759 3753 gerens,
787 3657 908 3745 tristis,
931 3652 1109 3745 conlnsus,
1136 3649 1300 3722 Gemellis
1318 3651 1403 3722 hinc

335 3751 413 3826 inde
438 3754 699 3831 blandientihusr
729 3756 828 3828 Genii
854 3753 967 3848 capite
981 3752 1082 3824 'alato
1106 3773 1209 3849 supra
1234 3747 1400 3846 exculpto

335 3853 441 3926 strabi
467 3853 589 3946 oculis,-
608 3870 655 3928 et
677 3857 756 3944 alis,
783 3867 822 3926 ut
846 3851 979 3924 omniuo
1002 3845 1151 3945 ridetur,
1177 3849 1397 3950 vespertilio-

334 3955 401 4028 nis.
429 3954 504 4050 Quo
525 3955 692 4052 *symbolo
717 3977 823 4053 quum·
845 3949 951 4024 triste
966 3952 1084 4027 Fatum
1110 3949 1330 4052 significetur,
1358 3965 1393 4024 et

337 4054 460 4154 dogma
483 4055 672 4130 Gnhiricnm
698 4054 802 4130 sitin
828 4053 883 4128 his
908 4055 1120 4128 Dramatibus
1145 4052 1391 4141 inveniendum,
1455 4135 1463 4156 ,-

333 4155 387 4262 leil
413 4173 546 4255 praeter
567 4157 680 4242 Pueri·
696 4161 838 4264 Dionysi
864 4157 981 4240 Fatum
1005 4156 1119 4260 potuit
1143 4155 1210 4232 hoc
1244 4155 1394 4234 Dramatc
