2966 5022
343 321 564 398 calamitatem
588 321 753 416 ingentem
777 331 925 412 pestem,
956 336 1022 388 non
1049 312 1212 386 scelerum
1239 314 1425 386 vindicem

343 435 448 524 atque
473 423 615 498 ultorem
633 418 822 492 ‚sucinorum
846 419 967 490 Deum.
1117 475 1121 482 .

394 529 434 600 2.
461 523 501 594 In
526 518 649 616 Sigillo
676 515 817 592 Etrusco
842 515 935 614 quod
960 509 1070 586 edidit
1086 512 1215 613 Caylus
1241 516 1275 586 iu
1303 519 1422 590 Tom.

341 621 408 698 111.
422 623 475 700 sui
487 619 620 692 llccacil
648 641 727 714 pag.
749 618 835 688 att.
858 615 944 688 Tab.
964 614 1024 684 55.
1041 615 1187 686 cernitur
1202 615 1421 690 adolescens

340 721 444 822 plane
480 715 588 792 nudus
614 743 700 814 genu
726 717 863 789 sinistro
888 715 976 788 {lero
1001 738 1102 810 super
1127 713 1317 790 Columnae
1346 718 1418 790 Cu-

340 819 501 922 pitulum,
520 818 702 915 cubitoque
718 817 836 890 dextro
862 841 947 912 genn
973 813 1134 910 imposito
1152 832 1255 916 caput
1271 819 1419 892 iunixus

344 920 443 1018 quasi
467 917 633 1016 profunde
661 917 837 1006 meditans,
865 915 998 990 sinistre
1023 939 1119 986 mauu
1143 915 1309 1012 Regulam
1338 920 1420 992 sive

203 1101 208 1112 ,
344 1018 504 1097 Normam
526 1016 752 1116 rectungulam
786 1016 924 1088 habens.
953 1015 1081 1112 Gaylus
1117 1014 1152 1086 in
1188 1017 1420 1094 adolescente

344 1120 500 1196 Amorem
524 1119 596 1192 sive
620 1117 820 1214 Cupidinem
845 1117 891 1190 ob
916 1115 1029 1190 nescio
1054 1137 1154 1213 qnam
1179 1143 1247 1190 rem
1273 1121 1418 1192 tristem

269 1208 272 1214 ¹
341 1233 376 1296 et
412 1216 714 1306 ustiuhandam,
742 1242 803 1288 nec
828 1241 967 1314 prorsus
993 1215 1138 1288 absurde
1175 1217 1291 1311 ridit3
1335 1221 1414 1292 etsi

341 1344 412 1397 nou
428 1319 716 1394 animadvertisset
738 1317 834 1391 illam
859 1315 1033 1408 Namara,
1052 1341 1138 1416 quac
1154 1329 1261 1390 tamen
1289 1319 1415 1418 perfe-

344 1434 400 1494 cte
424 1444 444 1493 a
470 1419 652 1516 Sculptore
676 1441 834 1514 expressa
860 1432 925 1488 est.

445 1518 481 1590 3.
509 1519 606 1594 luter.
625 1517 793 1592 Marmora
818 1517 1039 1589 Tauriuensia
1056 1516 1147 1590 edita
1164 1541 1185 1589 a
1204 1518 1341 1592 Maffeio
1361 1518 1410 1592 ad

344 1621 471 1696 calcem
488 1617 612 1692 Hister·
633 1619 777 1716 Diplom.
798 1617 884 1688 etin
904 1617 996 1690 Mur.
1020 1618 1053 1692 V
1049 1645 1183 1691 croncns
1196 1621 1407 1718 pagttcvl.

345 1735 381 1794 et
404 1713 641 1796 aRivautella
666 1718 699 1790 iu
725 1717 851 1796 Morm.
878 1715 1004 1788 Tauro·
1020 1718 1121 1790 Tom.
1136 1718 1185 1791 ll.
1200 1743 1284 1818 pag.
1305 1724 1341 1793 lt.
1363 1724 1403 1792 5.
1468 1799 1469 1808 χ

345 1835 399 1894 est
422 1843 545 1910 unum,
573 1842 642 1916 quo
668 1815 855 1916 insculptus
892 1831 943 1889 est
975 1816 1114 1890 Juvenis
1139 1821 1274 1917 penitus
1297 1822 1407 1894 nudus

345 1921 418 1998 alas
443 1919 566 1993 babens
591 1921 624 1990 iu
651 1917 794 1989 humeris
820 1942 943 2015 easque
979 1917 1113 1989 intortis
1138 1919 1309 2016 fastigiis,
1336 1937 1404 1993 tnm

346 2020 503 2120 duplices
528 2019 672 2120 singulis
697 2017 852 2114 pedibus,
879 2017 964 2090 adeo
990 2030 1028 2088 ut
1052 2019 1098 2090 sit
1123 2018 1337 2118 hexapterus,
1355 2023 1403 2094 si-

236 2125 245 2140 ‘
346 2122 452 2196 nistro
480 2111 566 2216 genn
591 2119 797 2213 aliquantum
822 2117 935 2208 flexo,
963 2119 1098 2191 sinistra
1124 2145 1219 2192 manu
1244 2121 1403 2196 tabellam
1461 2162 1465 2193 r

346 2221 624 2293 semicircularem
662 2214 786 2288 habens
824 2243 890 2316 qua
924 2218 1145 2317 aequilibrare
1177 2237 1315 2296 conatur
1347 2221 1406 2294 bi·
1459 2198 1466 2305 l

346 2320 487 2406 lancem,
516 2317 570 2386 cui
596 2314 763 2408 criterium
790 2331 823 2390 et
841 2321 989 2391 centrum
1007 2319 1198 2418 aequilibrii
1211 2322 1321 2396 adbuc
1336 2347 1404 2396 nou
1459 2310 1465 2405 1

346 2411 400 2490 sit'·
417 2417 542 2508 datum,
558 2415 677 2514 digitis
703 2417 841 2490 alterius
866 2443 981 2490 manus
1006 2419 1193 2519 impediens
1219 2447 1261 2494 ue
1285 2446 1404 2496 unacx
1460 2412 1465 2499 i

346 2515 502 2592 lancibus
526 2529 601 2588 ruat
625 2511 786 2587 deorsum
808 2533 842 2592 et
871 2518 1034 2592 bilancem
1072 2520 1179 2619 ipsam
1217 2537 1400 2619 pervertat.
1459 2502 1465 2601 l

345 2617 551 2718 Interpretes
574 2616 734 2689 Juvenem
762 2615 851 2692 bunc
887 2617 1102 2716 hexapterum
1142 2622 1330 2696 babuerunt
1367 2635 1403 2694 ut
1462 2625 1466 2697 3

351 2720 564 2794 Occasionem
589 2717 781 2804 masculam,
801 2733 835 2790 et
852 2731 889 2790 at
906 2715 1109 2792 Graecorum
1123 2722 1261 2820 Karpor.
1282 2724 1399 2796 Falso:
1464 2780 1470 2840 ἱ

347 2817 431 2891 Nam
457 2815 572 2914 palam
593 2831 644 2890 est
668 2817 818 2889 Bilaucis
843 2817 1076 2916 aequilibrium
1102 2823 1149 2894 ite
1174 2847 1247 2896 esse
1281 2821 1403 2896 diffici-
1465 2840 1470 2919 t

345 2917 393 3008 le,
421 2930 458 2992 nt
481 2915 602 2989 nedum
627 2940 759 2988 currere
775 2933 810 2991 et
827 2917 958 3014 volare,
986 2943 1047 2994 uec
1063 2920 1175 2994 locum
1192 2921 1327 3023 quidem
1343 2925 1401 2998 Jo-
1468 2943 1472 2987 t

347 3019 441 3090 renis
466 3031 591 3090 mutare
616 3021 740 3118 possit.
1382 3065 1386 3072 -
1469 3023 1473 3089 ζ

395 3119 432 3188 t,
460 3117 499 3190 Iu
525 3119 629 3192 Disco
647 3118 865 3210 manubrium,
883 3143 981 3219 quem
1006 3120 1115 3195 edidit
1131 3123 1342 3226 Cbaussaeus
1366 3124 1401 3198 in
1469 3099 1475 3182 l

216 3286 224 3304 χ
346 3215 440 3291 Mur.
461 3213 602 3292 Roman.
626 3220 725 3292 Tom.
746 3218 794 3292 ΙΙ.
815 3219 903 3294 Tab.
924 3219 1029 3294 XIX.
1050 3249 1132 3323 pag.
1157 3226 1215 3296 tt.
1237 3224 1404 3324 conspici-

345 3331 401 3391 tur
424 3317 620 3391 adolescens
646 3320 784 3393 siuistro
811 3347 896 3419 genu
922 3322 1128 3422 aliquantum
1144 3323 1246 3418 flexo,
1265 3327 1400 3415 nudus,

345 3421 438 3492 alato
456 3421 571 3510 dorso,
587 3419 689 3494 alatis
706 3421 866 3519 pedibus,
887 3423 1002 3519 dexqa
1026 3425 1144 3498 florem
1167 3425 1262 3524 quasi
1280 3427 1398 3500 odora-

283 3575 285 3580 ,
345 3534 440 3594 turns
461 3520 507 3593 ad
532 3545 645 3592 nasum
662 3517 854 3614 admovens,
876 3526 1012 3596 sinistra
1037 3525 1179 3599 demissa
1205 3528 1329 3622 Lyram
1346 3551 1402 3624 ge·-
1473 3545 1474 3554 ³

346 3645 433 3692 raus.
447 3615 632 3794 [interpres
668 3623 784 3724 inepte
809 3625 1042 3721 Mercurium,
1083 3623 1227 3717 Solem,
1266 3623 1404 3722 Apolli·
1473 3635 1474 3638 ’

349 3745 421 3796 nem
461 3734 540 3791 acrt.
1038 3771 1042 3778 -
1072 3769 1075 3778 ·
1297 3761 1301 3770 ·

399 3819 434 3893 5.
461 3821 501 3894 In
525 3819 672 3918 Speculo
697 3821 837 3895 funebri*
853 3823 1011 3917 Etrusco,
1031 3821 1124 3924 quod
1141 3821 1253 3896 edidit
1274 3822 1405 3898 Schias-

351 3923 421 3996 sins
446 3926 487 3995 dc
511 3921 620 3994 Pater.
650 3915 1239 4025 Tab.XXV1.·pag.47.cernitur
1264 3926 1403 4024 pulcher

349 4025 547 4101 adolescens
572 4021 702 4096 circulo
735 4022 831 4121 quasi
869 4047 936 4100 ovo
973 4027 1152 4103 conclusus
1186 4027 1401 4105 cothurnatus
