2966 5022
48 519 92 601 pe
120 495 337 600 gaudentem,
364 494 554 590 laetantem,
569 498 651 597 quia
675 496 857 572 Generatic
882 511 934 572 cst
959 497 1033 573 sius
1057 503 1118 573 inr-

51 607 187 775 tlt?
200 599 451 774 iiiiii?
472 599 618 771 ilii
632 597 1120 773 didtltttt'lttd

56 805 232 876 Minervae
256 723 501 898 Psychcphilue
515 799 793 898 etUruuophilae
819 723 966 894 obsistiil
980 813 1119 898 coepto,

58 921 94 974 et
119 904 223 976 vellet
247 927 332 999 opus
357 899 505 986 amoliri,
522 899 615 997 quod
641 900 723 972 fucit
739 900 888 997 ipsemet¹
900 899 1033 974 Silenus
1048 894 1124 996 'iy-

52 1027 118 1100 pus
145 1003 287 1092 Generis
313 1001 458 1090 hnmani,
487 999 609 1096 Typus
635 999 810 1092 Hominis,
836 1001 892 1072 cui
917 1023 980 1098 per
1003 1001 1120 1072 Demi-

53 1105 183 1200 urgiam
208 1105 304 1175 istam
330 1102 465 1174 Bocchi
487 1098 655 1172 innumera
681 1099 768 1172 mala
794 1115 829 1172 et
853 1099 1059 1174 calamitates
1084 1111 1120 1172 et

47 1221 168 1299 pestes
194 1216 289 1276 erant
315 1197 535 1276 obvenientia.
566 1200 680 1298 Vulgo
705 1199 995 1300 quidemsileuus
1019 1197 1118 1272 lrabe-

48 1321 98 1374 tur
123 1305 227 1401 quasi
253 1317 380 1374 tantum
405 1297 530 1372 Bacchi
557 1298 699 1372 Semelei
729 1300 952 1402 Paedngogus
991 1315 1027 1373 et
1060 1323 1121 1371 eu·

47 1409 154 1476 stes:
185 1402 231 1475 At
257 1403 391 1474 Silenus
418 1417 469 1472 est
507 1423 620 1470 revera
657 1399 778 1498 Typns
815 1402 1114 1498 Gnsmcgouicns,

46 1492 250 1601 Symbolum
276 1501 418 1576 Generis
444 1499 564 1587 nostri,
585 1499 641 1571 cui
666 1500 832 1596 profunda
857 1518 892 1576 et
916 1503 1019 1574 solite
1045 1497 1117 1570 sibi

48 1605 228 1778 sipiemll
246 1603 386 1676 Carmen
412 1601 692 1700 Gesmogonicum
717 1601 871 1674 attribuit
887 1601 1054 1702 Virgilius
1066 1597 1115 1670 E-

48 1731 103 1777 oc
130 1731 153 1774 a
206 1735 241 1772 ·.
955 1729 958 1740 ·

98 1733 172 1876 ill.
201 1801 357 1878 Bacchas
386 1803 583 1898 Dominoque
622 1808 743 1874 incitus
781 1807 913 1876 trocleas
938 1803 1119 1878 Adrostioe

53 1907 228 1977 Crotonem
252 1904 546 2002 Psyclroqonicuor.

102 2003 147 2072 lu
172 2002 318 2100 Speculo
344 2002 475 2074 funebri
499 1999 660 2090 Etrusco,
688 1997 783 2097 quod
809 1999 920 2073 edidit
943 2001 1067 2073 Gcrins
1085 2001 1121 2074 in

50 2103 217 2200 Adpone
238 2099 390 2193 Mennim.
412 2097 456 2172 ad
475 2100 630 2198 inscript.
646 2099 804 2173 Etrnrrr'ae
823 2103 923 2177 Tum.
945 2099 1008 2174 lV.
1031 2101 1119 2172 Tab.

50 2204 116 2274 46.
145 2215 180 2274 et
207 2205 240 2272 l.
270 2201 351 2299 pagss
374 2201 435 2272 78.
456 2199 518 2270 79.
548 2199 771 2298 lnglriraruius
795 2199 892 2274 Mon.
922 2203 998 2276 Etr.
1028 2201 1119 2275 Serio

51 2301 102 2373 ll.
125 2305 316 2400 pag.'l70.
341 2303 428 2372 lit.
449 2299 535 2370 Tub.
557 2301 595 2371 9.
617 2301 821 2398 conspicitur
838 2301 1049 2376 Adulescens
1066 2325 1119 2374 re·

50 2417 129 2474 ctus
154 2401 306 2500 palliolo
333 2399 521 2472 semitectus
551 2401 716 2472 Oratorem
741 2402 873 2476 sinistra
897 2427 1040 2500 gerens,
1079 2415 1117 2474 et

51 2503 174 2572 dextra
200 2501 318 2572 habitu
344 2499 510 2572 renuentis
536 2515 570 2572 et
596 2502 791 2594 recusantis,
810 2505 961 2601 proxime
979 2503 1023 2574 ud
1046 2503 1118 2574 eius

53 2602 226 2696 dexteram
252 2615 303 2672 est
328 2601 456 2672 Mulier
479 2593 576 2700 turpi
596 2603 711 2700 potins
748 2603 864 2695 iacie‘,
903 2605 999 2676 Pileo
1026 2601 1119 2673 coni·
1233 2651 1236 2658 -

49 2725 109 2790 co,
130 2713 164 2772 et
180 2701 286 2800 quasi*
304 2700 455 2777 Cirhasia
480 2716 582 2798 eaput
606 2715 707 2793 tecta
723 2705 870 2776 tunicata
883 2703 1025 2804 palliata
1046 2725 1117 2772 mu-

52 2823 119 2894 gne
132 2801 218 2872 sella
234 2801 366 2892 sedens,
387 2800 605 2902 scabelluque
621 2803 727 2900 pedes
741 2803 889 2894 suffulta,
905 2803 1026 2876 dextra·
1040 2798 1117 2901 qui-

51 2899 128 2972 dem
153 2908 314 2974 conversa
339 2901 435 3000 quasi
460 2917 632 3000 arreptura
674 2905 841 2976 Oratorem
878 2902 1116 2978 Adolescentia

51 3001 366 3096 proximi,¹sinistra
383 3025 465 3073 reru
491 3025 533 3073 eo
559 3002 676 3082 babitu
702 3003 847 3094 elevato,
875 3029 943 3102 quo
968 2997 1114 3077 rern'tri·

53 3113 138 3172 stem
164 3101 316 3174 odicium
341 3101 517 3174 molestam
540 3100 651 3174 iecere
668 3102 893 3200 adgredimur.
915 3093 982 3176 At'
1002 3103 1138 3178 dexte·

52 3225 120 3272 ram
146 3195 419 3274 hoius'tsedentis
438 3214 497 3272 ‘est
521 3201 589 3272 alie
606 3203 734 3276 Mulier
760 3204 819 3276 sed
846 3193 936 3276 stans
962 3204 1115 3300 crepida-

54 3313 100 3388 ta,
133 3295 306 3390 coronator
323 3301 499 3372 armillata
526 3314 670 3374 ceterum
696 3327 836 3400 prorsus
852 3305 955 3377 nuda.
975 3305 1020 3386 ta
1036 3299 1118 3374 haee

54 3405 260 3496 peraguntur
284 3399 331 3472 ad
356 3393 696 3498 ipsum'tirusmaris
721 3393 790 3502 quc
814 3405 928 3502 pisces
960 3405 1115 3474 lutitant.

101 3497 243 3572 Genius?
257 3500 394 3598 quidem
411 3539 416 3549 =
433 3502 499 3571 loo.
538 3505 604 3600 cia
622 3517 657 3574 et
681 3518 756 3576 aute
782 3499 923 3581 Gcritim
948 3493 1120 3577 ilonarut'a

56 3602 99 3669 od
126 3602 477 3699 Dempsternm·⁶pag.⁵
493 3599 556 3671 20.
575 3595 722 3674 ¹¹2l·‘·-'ct
746 3619 826 3702 pest
851 3603 992 3682 Genium
1017 3605 1120 3694 Blate-

57 3722 168 3791 eanns,
188 3714 321 3797 etpost
346 3701 548 3772 Biancanunr
575 3700 766 3775 Schiessius
791 3705 835 3778 de
862 3703 969 3778 Pater.
991 3731 1029 3805 p.
1051 3707 1114 3776 76.

55 3795 88 3868 iu
112 3801 260 3874 Muliere
285 3801 424 3874 sedente
448 3799 584 3898 Magum
614 3802 759 3896 Circen,
786 3805 820 3880 in
845 3806 994 3879 Muliere
1026 3804 1115 3878 nuda

1 3979 2 3996 χ
58 3910 163 3972 stante
186 3901 243 3973 rel
269 3901 425 3975 ancillam
451 3900 506 3974 rel
532 3899 649 3974 Circes
676 3929 825 3979 sororem
850 3905 1051 4004 Angitiam,
1079 3905 1116 3970 in

1 4003 2 4008 ’
58 3995 269 4074 adolescente
294 4001 507 4075 Craterolero
533 3999 695 4096 Ulyssem
720 4020 936 4102 agnoverant.
966 4004 1034 4074 Sed
1051 3999 1120 4074 lale

0 4152 1 4159 1
60 4121 114 4168 sn:
139 4101 217 4195 qnia
242 4101 348 4194 nulla,
370 4103 423 4176 rel
440 4098 559 4200 potius
576 4101 716 4176 adversa
729 4106 878 4178 criteria.
893 4097 1117 4195 inghiramius

56 4211 170 4278 eontra
195 4201 265 4278 iure
289 4203 354 4280 ista
384 4200 664 4302 interpretatione
689 4201 814 4276 reiecta
837 4205 907 4272 loe·
932 4205 988 4270 eit.
1011 4210 1113 4276 antas*
