2924 5024
45 368 208 472 pholiopis
232 364 388 458 rotantis,·
415 361 459 434 Et
488 363 638 454 Cunclis,
670 361 828 451 Catenae,
848 378 879 434 ct
904 367 1090 462 descensus,

52 491 227 568 perquem
252 466 304 537 vis
329 464 504 536 Goelestis-
519 465 598 534 huie
622 463 731 556 medio
757 459 885 534 Mundo
912 471 1092 541 communi-

53 584 148 640 catur.
179 568 223 636 Et
248 563 339 662 apud
365 563 552 636 Diodorum
577 564 759 634 Daemones
784 561 922 652 Decani,
949 566 1007 661 qui
1025 568 1094 639 sin·

55 669 141 764 gulis
166 665 280 736 decem
304 664 423 736 diebus
449 689 467 732 e
492 663 599 734 Coelo
625 663 668 732 ad
694 663 858 751 Terram,
881 662 939 734 ¹vel
965 689 984 734 e
1009 668 1094 737 Tar-

52 783 123 837 taro
148 765 192 836 ad
217 763 353 836 Terram
378 762 512 834 veniunt
537 761 701 856 Triplicis
726 758 845 830 Mundi
871 765 1100 838 commercium
1195 807 1197 810 ·

54 869 251 936 incessanter
276 877 440 934 exercent.
469 861 573 951 Quem
598 861 735 956 triplum
761 860 922 931 Mundum
946 863 1104 962 plerique

54 963 217 1052 Gnostici,
233 975 267 1032 et
280 987 393 1033 omnes
404 961 590 1032 Manichaei
607 972 792 1048 tenuerunt,
812 959 978 1059 quidquid
994 966 1101 1036 Beau-
1133 1043 1139 1054 ,

55 1064 183 1134 sobrius
210 1059 470 1132 obstinatissime
486 1063 620 1158 ignarus
644 1083 740 1131 verae
757 1061 1030 1160 Cosmoqrophioe
1043 1089 1100 1138 re·

59 1179 160 1234 terum
185 1159 337 1232 Gentium
361 1161 446 1232 salso
472 1158 689 1234 contenderit.
1014 1185 1016 1190 ’

65 1299 67 1306 a
110 1267 146 1332 la.
175 1260 263 1352 Quin
296 1259 392 1330 istam
430 1257 483 1328 vel
523 1259 662 1330 similem
693 1259 978 1360 Cosmoqrapln'om
1003 1261 1106 1336 luisse

61 1361 155 1432 etiam
180 1359 233 1430 rel
262 1358 411 1430 omnihus
436 1358 489 1428 vel
514 1359 684 1456 plerisque
710 1359 955 1455 Pythagoricis,
982 1375 1050 1434 tum
1069 1389 1106 1434 o·

65 1461 139 1558 rigo
164 1475 198 1530 et
223 1451 296 1529 lons
321 1455 560 1554 Philosophiae
584 1459 852 1555 Pythagoricae,
891 1473 960 1531 tum
997 1485 1105 1534 rerum

62 1559 273 1630 homanorum
297 1557 435 1650 Cursus,
463 1571 497 1630 et
522 1556 668 1629 Graecae
694 1559 923 1630 Astronomiae
948 1560 1102 1654 historia,

61 1674 131 1729 tum
155 1656 315 1754 genuinus
340 1671 373 1728 et
390 1658 538 1746 sincerus
556 1682 668 1728 sensus
686 1658 937 1753 fragmentorum
950 1661 1107 1733 Philoso·
1148 1665 1150 1676 ’

62 1759 161 1854 phiae
186 1757 423 1852 Pythagoricae
448 1755 569 1828 invicte
607 1757 844 1828 demonstrant.
873 1757 917 1828 Et
954 1762 1105 1854 prolecto

64 1859 156 1954 Ignis
182 1857 244 1926 ille
269 1857 438 1948 centralis,
458 1855 521 1926 illa
539 1856 634 1927 Estia
660 1855 793 1944 Mundi,
821 1881 918 1952 quam
936 1859 1103 1956 Pythago·
1134 1886 1146 1898 ··

68 1957 128 2028 rici
151 1956 318 2052 ponebant
342 1981 409 2028 non
433 1969 546 2052 potest
572 1981 644 2028 esse
669 1956 733 2027 nisi
758 1953 839 2026 Axis
866 1957 986 2030 Mundi
1004 1957 1105 2036 Chal-

67 2055 210 2140 daious,
243 2055 377 2126 Ccuulis
402 2055 490 2126 lueis
517 2054 647 2126 divinae
673 2058 813 2151 igneus,
841 2055 944 2128 Polus
970 2057 1104 2143 Mundi,
1178 2077 1181 2084 ’

30 2192 44 2232 t
67 2149 173 2226 Fusus
197 2155 368 2226 Parcarum
389 2207 399 2244 ,
427 2155 514 2226 circa
540 2179 636 2250 quem
661 2154 911 2250 Sphendyli-et
936 2156 1108 2230 Verticilli

66 2254 225 2326 Mundaui
253 2251 327 2324 sive
350 2253 504 2324 Planetae
529 2267 563 2324 et
587 2253 661 2350 ipsa
675 2254 780 2326 Terra
796 2271 909 2327 nostra
926 2271 964 2328 ut
981 2258 1107 2330 Rhom-

68 2355 102 2424 111
127 2369 163 2425 et
188 2351 439 2450 Strophalinges
452 2355 595 2424 Hecates
620 2367 815 2425 rotarentur:
833 2383 867 2428 v.
883 2355 1106 2432 1111111111.

69 2453 116 2525 X.
144 2453 249 2550 Reip.
276 2477 313 2548 p.
343 2453 428 2523 674.
458 2455 628 2525 Praeterea
653 2451 683 2522 si
708 2453 877 2550 Sphaerus
904 2455 1108 2551 1111111111-

68 2553 225 2650 pedoclis
251 2564 301 2622 est
326 2552 472 2622 Mundus
490 2551 654 2623 Caelestis
671 2552 900 2650 intelligibilis
926 2553 1108 2625 1111111111-

71 2667 178 2723 stans:
221 2651 250 2721 si
280 2664 357 2732 ⁸erat
382 2651 489 2722 eidem
514 2650 723 2749 Philosopho
748 2652 845 2752 Hyle
873 2653 1030 2748 amarpha
1056 2653 1110 2722 in-

69 2749 226 2822 visibilis
245 2749 373 2820 infinita
398 2749 588 2821 inexhausta
613 2753 647 2824 in
673 2751 765 2822 Chao
791 2767 826 2823 et
851 2755 1015 2825 Tartaro:
1030 2750 1111 2826 uide

69 2849 391 2924 Pseudo-Plutarch.
425 2851 478 2920 Do
506 2853 631 2922 Placit.
653 2853 877 2952 Philosophus.
905 2853 936 2923 l.
966 2874 1042 2950 cap:
1074 2853 1111 2922 5.

66 2952 107 3022 si
134 2949 283 3020 Mundus
309 2963 418 3020 noster
443 2947 546 3020 lactus
572 2977 614 3022 ex
640 2947 735 3053 Φιλιᾳ
767 2968 800 3024 et
842 2953 942 3050 Nrnyo,
969 2955 1080 3024 1111111
1098 2965 1124 3042 ,“

70 3074 194 3139 ruens,
222 3073 366 3120 currens:
395 3047 508 3144 utique
535 3051 611 3122 huic
637 3053 779 3122 maximo
804 3053 1026 3148 Pythagorico
1052 3051 1114 3122 tri·
1173 3115 1174 3118 ,

73 3149 153 3246 plex
179 3148 242 3218 fuit
267 3147 425 3237 Mundus,
453 3155 488 3220 et'
517 3151 777 3250 Coamoqrophio
808 3153 1000 3224 Chaldaiea.
1029 3149 1119 3222 ldem

68 3249 135 3320 lere
165 3248 362 3322 sensisseet
385 3250 698 3344 praestantissimum
735 3250 922 3322 Philolaum
962 3275 1002 3323 ex
1026 3245 1116 3319 duo-

15 3429 22 3446 ,
68 3349 127 3420 hus
156 3347 406 3419 locisservatis
432 3372 451 3416 a
477 3349 621 3420 Stohaco
648 3349 787 3444 colligo:
809 3349 870 3421 sed
887 3351 963 3448 quia
988 3349 1058 3420 loci
1075 3347 1113 3418 hi

67 3447 261 3544 gravissime
285 3447 390 3518 laxati
415 3463 515 3539 sunt,
543 3463 576 3520 et
601 3449 762 3544 angustiis
789 3451 857 3522 1111
881 3447 1105 3544 seton-ultra

72 3547 214 3619 transire
240 3571 356 3643 cogor.
418 3631 421 3636 Ι
733 3634 736 3640 ¹

116 3653 158 3718 5.
185 3647 348 3717 Homerus
373 3648 470 3718 etiam
495 3649 559 3722 etsi
586 3649 716 3747 saepius
743 3663 780 3722 ut
806 3653 910 3724 Poeta
928 3648 1114 3748 Popularia

71 3745 189 3820 lovem
214 3760 248 3816 et
273 3747 364 3817 Deos
389 3748 561 3820 Caelestes
587 3774 647 3845 per
664 3750 780 3822 111111
798 3753 983 3822 Gaonmina
999 3749 1116 3842 Olym-
1241 3781 1243 3786 ·

72 3847 107 3942 pi
133 3847 368 3938 collocasset,
398 3873 497 3946 saepe
524 3865 634 3922 tamen
656 3863 693 3920 ut
719 3852 914 3950 Theologus
940 3847 1116 3920 sublimius

78 3959 110 4013 ot
131 3947 357 4042 praestantius
383 3947 520 4018 Coelum
545 3963 657 4045 aperte
678 3951 834 4042 indicat,
861 3948 1119 4048 aequandaque

81 4044 190 4139 ipsum
216 4045 302 4118 hunc
331 4045 528 4141 Triccamon,
555 4043 1114 4147 1111111111111111111111111111111.
