2924 5024
185 1194 199 1208 '
316 1184 483 1298 ptolsmus
507 1207 576 1254 uun
600 1179 693 1252 Civis
717 1179 780 1253 ille

327 403 428 452 surru
452 373 587 472 Cerere,
615 390 650 452 et
673 377 828 470 lleeate,
856 389 892 452 et
916 378 1118 482 Proserpina
1136 381 1240 478 'qnasi
1271 383 1386 458 adrui-

325 480 441 553 nistris
465 493 500 552 ot
524 479 658 553 famulis
682 501 757 554 non'
773 493 889 576 potest
928 498 1002 554 esso
1043 483 1109 554 nisi
1142 483 1237 555 Deus
1257 477 1261 482 ’
1278 486 1389 582 plane

326 591 476 678 maguus,
495 579 560 652 nisi
578 605 661 652 unus
686 580 842 654 Buocltus
867 579 997 653 Cereris
1022 581 1139 676 filius,
1166 599 1201 656 et
1227 585 1384 680 Sponsus

323 679 571 778 Proserpinae,
599 693 636 752 et
659 680 726 752 nisi
751 681 786 752 iu
810 679 868 753 die
892 681 1039 780 ipsarum
1066 682 1267 782 Nuptiarum
1296 737 1306 774 ,
1343 686 1387 758 iri

325 781 385 853 die
409 779 654 852 instaurationis
679 780 830 872 Mundi,
858 793 893 852 et
918 781 1029 880 Regni
1054 809 1107 854 sm
1133 785 1239 873 novi,
1268 799 1388 857 rutero

324 880 456 954 Mundo
481 905 597 952 everso
623 894 658 952 et
681 881 820 952 reiecto.
850 879 922 954 Neo
946 882 1060 956 obstat
1084 883 1155 981 legi
1180 883 1272 956 elane
1301 912 1383 955 oar-

245 990 248 995 ’
325 1005 507 1052 oronsuuu
531 981 620 1053 eirea
644 980 802 1054 lunonem
828 981 936 1066 ¹alato
978 1007 1082 1078 eursu¹
1117 1000 1260 1058 vectum.
1295 983 1390 1056 Nam

322 1081 488 1178 Mysteria
512 1080 594 1154 liaeo
620 1093 726 1173 sunt,·
751 1081 787 1151 iu
837 1081 933 1155 uibus
957 1107 1055 1157 verus
1076 1097 1110 1155 et
1124 1085 1284 1182 genuinus
1307 1084 1389 1158 Tri-

810 1107 973 1274 lttieus,
1002 1181 1062 1255 sed
1091 1184 1167 1282 ipse
1191 1185 1386 1276 Bocchus,

320 1305 397 1380 rpse
426 1279 561 1374 Osiris,
587 1280 663 1378 ipse
687 1279 776 1355 Puer
797 1288 875 1356 ansi
900 1298 1096 1357 monstrator
1118 1286 1251 1357 Arotri:
1279 1311 1382 1382 quem

197 1404 198 1418 ¹
320 1383 464 1455 obscure
486 1381 655 1480 Virgilius
680 1381 711 1452 Ι.
740 1378 869 1480 Georg.
897 1409 932 1456 ι.
963 1385 1023 1456 ll).
1060 1397 1177 1483 aperte
1214 1385 1382 1459 Tibullus

320 1481 350 1554 Ι.
379 1482 480 1557 Eleo.
511 1484 547 1554 8.
576 1509 612 1565 ιι.
641 1479 702 1554 31.
732 1479 847 1554 Osirin
871 1481 971 1556 dixit.

370 1582 408 1658 3.
442 1537 550 1656 l'erta‘o
575 1585 745 1655 Dramota
769 1582 900 1656 Buseln‘
927 1583 1133 1680 Genusiurps‘,
1160 1581 1192 1658 et
1209 1583 1380 1681 Proserpi·

224 1733 232 1752 .
318 1711 383 1756 aas
408 1683 711 1780 Palinpuuosiuuua.
740 1681 826 1756 Num
850 1683 914 1756 etsi
940 1683 1096 1758 Bacchus
1120 1683 1179 1754 sit'
1198 1685 1289 1756 Deus
1314 1684 1380 1757 Ss-

315 1789 444 1876 ma'uisur
468 1797 502 1855 et
526 1783 857 1884 Spermutopsgasus,
884 1797 921 1857 ut
949 1783 1067 1875 Osiris,
1087 1798 1121 1856 et
1139 1783 1209 1859 siue
1226 1810 1294 1882 quo
1313 1784 1379 1856 im·

292 1935 297 1938 -
316 1885 496 1984 possibilis
521 1908 749 1983 quaecumque
764 1881 955 1973 Generalis
976 1937 986 1975 ,
1013 1907 1114 1982 quom
1139 1899 1248 1956 tamen
1266 1883 1378 1956 Gene-

314 1985 401 2060 ratio
427 1985 503 2088 ips'u
527 1984 646 2082 peragi
672 2000 707 2058 et
731 1982 861 2058 absolvi
875 1997 1013 2082 putetur
1037 2009 1058 2055 a
1082 1983 1185 2058 fratre
1200 1985 1377 2082 Apolline,

190 2093 192 2097 '
315 2085 370 2158 vel
398 2085 520 2160 Venere
546 2084 710 2177 Genitali3
736 2083 822 2156 Nam
846 2110 914 2158 nou
939 2109 1001 2182 per
1026 2109 1127 2156 uuum
1153 2109 1280 2175 semen,
1311 2085 1378 2157 sed

189 2191 191 2196 '
268 2233 271 2242 ,
314 2207 379 2283 per
404 2186 472 2258 vim
496 2199 531 2255 ut
555 2185 740 2282 potentiam
767 2184 990 2282 explicantem
1006 2198 1041 2256 et
1057 2183 1278 2266 vivificantem
1302 2183 1378 2256 Go-

312 2284 441 2357 neratio
467 2286 640 2383 peragitur
665 2300 700 2356 et
724 2283 908 2382 perficitur:
932 2283 1014 2384 Ipse
1038 2310 1105 2356 non
1131 2297 1247 2384 potest
1271 2283 1381 2356 abso·

231 2472 232 2480 ἵ
314 2384 387 2457 lute
411 2385 448 2456 iu
472 2385 533 2457 han
559 2383 756 2460 oeconomis
780 2384 950 2484 appellari
968 2397 1002 2456 et
1020 2383 1170 2458 exbiberi
1191 2383 1380 2458 Genesiur-
1459 2389 1460 2392 ’

313 2511 392 2582 pus:
419 2483 466 2560 Ar
490 2486 526 2558 iu
553 2483 682 2558 Mundo
706 2482 837 2577 lutuno,
861 2511 931 2584 quo
956 2484 1202 2584 ipseBnosluas
1219 2483 1379 2557 eritRux
1459 2573 1460 2576 Ἴ

267 2651 270 2656 .
311 2585 483 2680 maximus,
509 2585 640 2660 dicetur
656 2581 754 2658 otiam
774 2585 1013 2674 Genesiarolam
1043 2597 1077 2658 ot
1095 2585 1262 2659 ideoeum
1282 2609 1380 2682 sym·

244 2699 247 2704 ’
311 2687 403 2760 bolis
432 2687 684 2784 Genusiurpicis,
712 2709 798 2782 quae
822 2685 978 2758 Sentisne
995 2685 1061 2756 ΙΙΙ.
1082 2699 1302 2784 exponentur,
1332 2685 1370 2756 in
1459 2687 1460 2690 ’

311 2787 467 2886 plurimis
495 2787 592 2861 Vosis
616 2783 803 2874 exhibetur,
831 2785 925 2857 sosia
950 2809 1073 2882 sponsa
1098 2803 1133 2858 et
1158 2809 1275 2857 sorore
1288 2783 1368 2856 Pro·
1459 2849 1460 2856 ,

309 2891 457 2984 sappino,
485 2911 570 2984 quae
595 2885 721 2986 Psyche
747 2898 828 2975 est,
855 2910 941 2982 quae
966 2885 1104 2958 bumana
1128 2899 1181 2959 est
1214 2883 1364 2975 Anima,

310 2979 355 3056 ad
380 3011 502 3060 novum
528 2986 642 3060 Genus
667 2985 845 3069 Hominum
888 2985 1125 3058 efformandum
1166 2985 1363 3057 destinata:

309 3084 399 3159 uude
424 3111 463 3158 ea
489 3113 563 3160 eum
588 3089 717 3160 Pontiae
760 3093 902 3172 tentorio¹
941 3086 1131 3182 symbolioo
1174 3085 1368 3182 expingitur

309 3186 385 3260 vid.
414 3186 561 3262 Creuzer
585 3202 619 3262 et
644 3186 911 3286 GuiguiautDes
936 3186 1104 3283 Religionis
1129 3185 1195 3258 111.
1225 3185 1255 3257 Ι.
1276 3209 1374 3281 pag.

312 3286 399 3360 306.
422 3288 509 3361 364.
531 3288 618 3362 bah.
638 3289 722 3360 lto.
761 3313 828 3362 nou
853 3287 947 3385 quod
972 3287 1018 3358 sit
1042 3287 1187 3378 Venno,
1215 3298 1253 3356 ut
1277 3283 1369 3355 salso

255 3409 256 3412 ’
308 3388 428 3484 plures
452 3388 670 3479 affirmarunt,
698 3414 765 3460 uon
790 3387 884 3486 quod
910 3389 954 3460 sit
979 3387 1148 3486 praelecta
1165 3387 1209 3460 ad
1226 3383 1374 3457 texenda

307 3485 448 3562 humana
465 3515 622 3588 corpora,
641 3490 739 3588 quod
764 3488 909 3563 Veneris
930 3503 982 3561 est
1006 3503 1042 3560 st
1066 3483 1266 3560 Naturarum
1290 3483 1371 3555 Pla-

308 3587 478 3662 utiourum:
496 3590 579 3662 -Sed
604 3605 641 3662 ut
666 3589 872 3690 significetur
897 3614 933 3660 se
948 3587 993 3660 ,in
1006 3588 1238 3685 Paliugenesia
1252 3609 1372 3680 magna

258 3735 262 3747 .
311 3714 400 3788 opus
425 3689 548 3762 babere
565 3691 633 3762 alia
651 3691 798 3762 Testura
816 3689 1016 3787 Corporum,
1036 3689 1107 3760 alio
1126 3689 1282 3778 Paetino,
1300 3683 1370 3756 alia

310 3788 534 3864 Generatioue
558 3789 603 3864 ud
629 3815 747 3864 novum
772 3789 875 3864 vitam
899 3789 1135 3885 peragendam.

360 3891 440 3966 VII.
469 3893 638 3992 Septimo,
667 3897 746 3989 quia
778 3891 948 3962 Dramatu
974 3889 1147 3962 Minervas
1167 3890 1368 3986 pugnatis,

312 4019 397 4090 quae
423 4011 497 4066 suut
522 3999 556 4064 iu
584 3992 680 4068 Vasio
705 3989 802 4063 Pictis
826 4015 983 4088 supressa
1008 3995 1055 4061 nd
1079 3990 1225 4081 futuram
1249 3985 1377 4060 Mundi

311 4094 575 4188 Apocatastosin
600 4110 676 4186 suut
702 4096 1036 4184 onrninousssauudu.
