2924 5036
57 385 150 475 nini,
178 381 294 456 intime
318 379 589 456 coniunctiora
614 369 776 453 Romanis
801 393 835 454 ot
860 371 1032 478 Graeois,
1076 375 1116 460 et'

54 483 286 560 Astronomiae
311 481 512 572 avidissimi,
533 498 569 555 et
592 482 817 556 vetustissima
843 479 1025 583 Religiono
1050 486 1112 559 Se·

55 585 260 672 lenolatrae‚
288 599 322 655 et
348 581 544 654 Nootioolae
570 595 752 680 potnerunt
778 597 813 654 et
837 582 1022 657 debuerunt
1042 586 1109 656 'oir-

55 711 91 756 oa
114 679 292 765 ‘Octaviani
308 683 450 780 Augusti
468 696 610 755 aetatem
628 684 665 753 Z
668 687 819 754 odiosam
839 682 1004 756 Graecam
1020 684 1115 759 fran-
1184 683 1187 687 ’

56 809 146 882 gere,
168 799 203 858 at
220 785 410 856 Zodiocam
436 783 603 855 Laao'rem
628 781 817 860 efformare:
846 773 985 882 eumque
1003 789 1119 884 primo

54 885 190 958 saeculo
217 899 251 954 et
266 883 423 958 ¹secundo
438 883 626 955 Christiano
644 895 826 984 potuerunt
842 908 902 982 per
931 909 998 955 sna·
1017 909 1113 956 oom-

54 984 179 1056 mercia
202 1008 269 1056 non
294 983 395 1057 mado
420 983 584 1080 proximis
609 981 788 1078 Coptitis,
816 998 850 1055 et
865 984 1021 1078 ¹Persis,
1052 983 1118 1058 sed
1194 1012 1201 1020 ·

56 1085 292 1170 remotioribus
315 1081 440 1172 Indis,
467 1097 502 1153 et
527 1083 605 1154 inde
630 1081 824 1154 Sinonsibas
852 1084 999 1156 tradere.
1024 1081 1118 1174 Qua·

59 1211 127 1255 rom
157 1179 313 1256 Gentium
339 1183 545 1270 Documenta
570 1182 843 1255 et'Monumenta
886 1183 1029 1283 genuina
1064 1193 1116 1257 sa⁴¹
1174 1212 1177 1218 ·

60 1285 204 1356 cundum
229 1283 398 1356 ¹saeculum
424 1281 647 1354 Christianum
670 1307 746 1356 non
764 1297 985 1356 antevortunt.
1064 1343 1068 1352 .

111 1376 220 1456 Snorss
249 1383 348 1458 XIV.
377 1384 430 1454 Do
461 1401 585 1455 antara
625 1383 832 1479 Astrolopiao
879 1385 1127 1458 Genethliacaa·

67 1485 312 1558 Chaldaeorum
338 1501 435 1581 atqua
460 1485 698 1584 Aegyptiorum
723 1489 903 1557 uetustiora.

130 1583 203 1675 Qui
245 1585 397 1682 persuasi
437 1598 513 1656 sunt
553 1588 619 1656 iam
660 1609 680 1654 a
722 1583 863 1682 septimo
902 1583 1018 1658 saltem
1055 1585 1110 1659 vel

64 1698 189 1758 octavo
205 1686 338 1756 saeculo
357 1681 604 1781 prochristiano,
618 1698 799 1780 occupatos
812 1680 998 1784 Chaldaeos
1015 1701 1115 1784 atquo

65 1785 258 1883 Aegyptios
297 1785 340 1858 in·
373 1786 563 1880 Astrolopia
609 1786 825 1856 Geaatlaliaoa
851 1809 968 1886 uapore
1006 1787 1115 1884 animo

58 1911 127 1958 *non
156 1898 299 1983 possunt
322 1881 494 1983 quomodo
518 1885 794 1981 invenianturqui
810 1899 927 1980 negent
943 1888 1113 1958 Chaldae-

65 1991 219 2082 satque
243 1987 417 2086 Aepyptiis
442 1983 620 2082 perlectam
650 1981 925 2083 Uroaoqraplviae
943 1987 1110 2078 notitiam,

68 2099 261 2174 accuratamx
277 2085 535 2182 descriptionem
562 2085 762 2182 singularum
778 2105 917 2184 prorsus
935 2085 1115 2157 Stellarum

63 2186 161 2257 etiam
186 2185 442 2258 Nebulosavnm.
457 2185 499 2256 ld
512 2183 630 2258 lactum
645 2186 737 2284 quod
751 2185 786 2257 bi
812 2212 877 2258 non
902 2186 1112 2284 distinguunt

64 2283 287 2384 Theologiam
311 2285 557 2384 Astrologioam
594 2287 637 2358 ab
679 2283 892 2386 Astronomia
935 2289 1108 2386 Physica,

64 2411 149 2482 qaae
175 2413 348 2486 numquam
375 2413 437 2460 una
464 2387 761 2460 consistuntsimul
788 2401 822 2460 et
846 2390 989 2485 vigent,
1027 2411 1113 2486 quaa

65 2485 130 2558 imo
163 2487 311 2560 funditus
337 2488 487 2562 diversae
512 2501 601 2578 sunt,
629 2501 664 2560 et
688 2514 769 2585 quas
795 2488 956 2584 Chaldaei
982 2501 1015 2557 et
1039 2486 1111 2558 'Ao-

67 2585 179 2684 gyptii
204 2582 377 2686 numquam
402 2589 653 2675 coniunxerunt,
682 2588 870 2686 Theologia
896 2585 1113 2683 Astrologiou

66 2685 127 2756 illa
154 2699 207 2758 est
227 2735 243 2778 ,1
266 2715 333 2787 qua
356 2689 495 2762 Caelum
520 2689 698 2762 innumeris
735 2687 943 2786 Legionibus
973 2687 1115 2758 Daemo-

68 2811 156 2879 nnm,
172 2787 397 2880 Pnounnatnm,
426 2789 622 2888 spirituum,
649 2788 829 2862 Geniorarn
847 2787 1022 2878 bonorum,
1048 2807 1118 2856 nna-¹

64 2885 186 2978 lorum,
215 2889 411 2988 visibilium,
438 2889 670 2981 invisibilium,
686 2890 863 2981 clarorum,
879 2889 1110 2980 obseurorum,
1143 2971 1151 2978 ⁶

69 3011 215 3077 annana,
232 2981 402 3072 avoirvlvav
419 2979 539 3090 re'pleri
558 2990 773 3086 putatur3ubi
790 2991 937 3062 Daemon
950 2987 1022 3062 vult
1039 2985 1118 3086 plus

67 3088 176 3158 minus
202 3085 404 3178 manifestavi
426 3091 464 3163 lit
488 3089 595 3162 Stella
619 3090 699 3188 plus
724 3092 829 3163 minus
855 3091 957 3180 olava,
977 3087 1031 3160 vol
1057 3112 1118 3187 op-

66 3187 216 3283 paratio
242 3191 403 3282 Theatra,
422 3205 460 3264 ut
477 3191 640 3264 Arcturus
664 3192 774 3264 Plauti
800 3191 834 3261 in
859 3191 1016 3262 Radaaa‘s
1034 3187 1114 3259 Pro·
1184 3189 1186 3199 '

68 3289 163 3382 lopo,
184 3287 237 3360 Ita
260 3303 298 3362 ut
322 3291 356 3362 in
381 3292 488 3366 Coelo
514 3289 684 3363 Chaldaeo
727 3305 761 3362 et
786 3287 956 3390 Aegyptia
993 3287 1112 3384 Spatia

68 3387 248 3482 Coelestin-
263 3415 346 3489 para
358 3407 392 3464 et
403 3391 521 3464 Stellio
534 3387 1021 3489 vacuissimapossnntrepleri
1032 3387 1112 3485 Spi-

69 3489 189 3563 ritibos
204 3491 467 3566 etDaemonibus
484 3491 587 3590 longe
603 3492 864 3594 potentioribus,
884 3490 1007 3564 aolooa
1024 3513 1127 3587 quae

70 3590 188 3662 Stellio
212 3591 247 3664 iat
271 3590 382 3664 Astiis
405 3589 597 3693 plenissima
622 3593 701 3663 sint.
718 3592 833 3665 -Cuius
859 3607 896 3664 ut
920 3606 956 3663 tu
987 3591 1112 3664 babeas

72 3691 258 3790 exemplam
282 3691 385 3793 longo
411 3693 532 3766 alarius
557 3685 599 3762 et
616 3685 737 3764 eortius
763 3719 823 3793 nge
848 3692 964 3764 divide
982 3688 1127 3762 Zodio·'
1214 3687 1216 3691 ’
1260 3731 1264 3738 -

74 3818 145 3862 oum
170 3817 232 3890 pet·
256 3793 438 3866 Dauaaos:
467 3795 497 3866 si
523 3793 667 3866 attendis
693 3794 725 3866 in
752 3795 1048 3895 ipsaDee'aaoram
1061 3789 1113 3860 di·

70 3892 201 3966 visione
226 3891 279 3983 vel
305 3893 565 3966 nullae-Stellae
581 3895 727 3992 insignes
753 3912 787 3966 et
812 3891 994 3988 olarae3vel
1011 3889 1113 3988 plano

71 3992 315 4088 paucissimam
329 3993 457 4066 Interea
482 3994 580 4066 loeus
598 3997 730 4068 Daaaaa'
746 4010 798 4067 est
815 3997 912 4084 loous
937 3993 1117 4064 Daemoais

73 4093 175 4195 plano
199 4093 347 4194 potentis
371 4109 407 4168 et
432 4094 591 4196 insignis:
621 4093 769 4174 Scilicet·
784 4095 817 4169 in
843 4088 1118 4188 bao'bstvologia
