2976 5032
56 393 291 472 tiazsolutio.
320 395 355 466 l.
381 389 722 512 Primoqniaplanr
743 392 831 470 basa
855 393 939 485 via,
982 295 1123 492 taillia,

1 485 3 525 ⁵
54 524 178 599 praua.
207 500 248 566 2.
276 493 459 584 Secundo,
480 495 568 593 'quia
593 493 882 570 sta-servabuntur
904 493 1006 594 plana
1031 495 1125 594 Dog.

1 607 2 682 j
57 612 149 672 mata
173 592 287 668 Patria
311 593 472 684 Gabinius,
503 618 566 668 nea
601 595 769 670 minimum
793 619 855 695 par
879 607 1032 670 aarum
1065 595 1128 670 rr-

55 697 159 772 bulas
186 693 488 791 corrumpebantur.
514 693 553 768 ,.3.
582 693 776 794 Xenophili
799 695 1013 786 fallebantur,
1040 696 1127 770 rmi-

38 799 93 872 .ai
120 795 321 870 Graecorum
344 794 509 866 nominum
542 794 783 892 homiopbonia
810 794 946 894 daaapti
970 793 1127 872 tonaban-

56 912 129 986 ωε,
156 907 190 968 at
211 894 276 968 boa
301 892 382 964 satir
406 905 440 966 at
465 918 616 993 magnum
640 895 783 970 Etrnsao
801 892 1049 994 Hiarogrupbo,
1068 895 1128 1011 apri

59 995 218 1070 Graaeam
247 991 499 1066 albemarum
536 992 779 1094 Theologiam·
795 994 964 1095 praelarro
997 993 1128 1072 Patrraa

56 1121 127 1170 non
151 1104 297 1192 poterat.
324 1090 399 1164 Hoa
425 1093 562 1192 insuper
587 1093 795 1168 Parodiismo
831 1095 913 1170 dato
941 1093 1034 1168 nulla
1064 1119 1125 1170 na·

56 1195 200 1271 cessitas
225 1191 342 1264 otioso
366 1205 400 1264 at
425 1217 539 1266 arasso
565 1192 739 1266 Sacerdoti
767 1190 948 1266 evolvendi
971 1193 1125 1291 Tragoe-

52 1295 144 1370 dias*
160 1289 335 1388 Euripidis
360 1305 396 1362 at
420 1291 618 1388 Sophoclis,
633 1291 727 1366 nulla
755 1293 936 1368 nenessitas
960 1291 1122 1392 prolundi

51 1393 165 1470 studii
189 1393 224 1466 iu
249 1390 359 1486 Cyclo
384 1391 534 1485 mythico
559 1389 736 1466 Poetarum
760 1405 938 1468 ratarum:
970 1393 1060 1470 Satis
1085 1419 1122 1466 a·

48 1495 199 1568 lamenta
223 1488 377 1588 Linguae
403 1490 523 1570 Saarna
548 1515 626 1564 suae
659 1491 818 1566 Pataroue
853 1493 1047 1568 Nasabiaae
1085 1507 1122 1568 et

49 1591 351 1692 Polydynamiaae:
366 1590 525 1689 Perquas
549 1583 831 1689 Polydynamioos
853 1591 1124 1692 llomiopbonias

51 1690 219 1769 sollertia
243 1689 468 1787 Hierographi
491 1691 707 1792 potissimum
729 1691 926 1791 apparabat.

102 1791 172 1868 lv.
200 1789 294 1868 Haeo
319 1792 463 1866 ardealio
487 1793 626 1866 subdolo
645 1794 771 1882 „bueo
796 1791 1040 1890 Hiarogropbr'o
1056 1789 1124 1866 Pu·

51 1897 199 1968 radiaco
222 1895 257 1962 in
281 1889 498 1986 Reqiminr'brts
522 1893 772 1964 Aristocratr‘er‘s
797 1906 829 1962 at
844 1896 939 1982 sortia
955 1889 1126 1965 Xenocra·

56 1998 150 2082 tinia,
175 2004 213 2060 ut
235 1994 297 2083 suit
312 1990 500 2064 Etruscum
523 2019 548 2078 o
572 1995 686 2088 quinto
711 1989 838 2064 Roman
861 1988 1002 2064 sanato
1026 1993 1124 2080 fusile

55 2107 97 2230 *a
113 2104 893 2286 lgpplpepprppaqlpapgppupiprtwuppppmmmffl
902 2182 1011 2261 omnia
1021 2196 1128 2260 extar-

58 2314 104 2366 na
122 2287 281 2370 Instituta
302 2286 517 2384 potissimum
532 2287 738 2386 'l'beologiaa
753 2285 911 2364 neemime
923 2285 1077 2378 oderunt,
1093 2301 1128 2362 et

59 2399 292 2464 contemnunt.
320 2386 536 2484 Impossibile
569 2391 828 2490 Hieropmplrum
854 2389 1125 2463 Aristocrota'oum

60 2491 116 2563 ita
143 2485 284 2584 Mytlros
308 2484 355 2558 ita
379 2484 522 2560 Fabulae
546 2499 726 2580 externas,
764 2491 814 2562 ita
842 2487 1037 2585 Linguam,
1075 2489 1126 2562 ita

61 2585 213 2678 Lerina,
239 2587 286 2657 ita
302 2587 545 2660 Bibliothaaam
562 2602 715 2662 externae
728 2585 850 2672 ,Gentis
866 2587 980 2662 oole'ro
1004 2599 1040 2658 et
1063 2587 1127 2662 ad-

60 2687 197 2766 discere
221 2699 259 2758 ut
283 2687 439 2760 Dramata
464 2701 497 2770 et
521 2688 806 2788 Iaonograotmuta
819 2687 921 2786 plana
936 2685 1124 2760 homodoxu

64 2785 195 2862 enudat
219 2799 254 2858 et
279 2801 469 2884 aomponat.
494 2801 541 2866 At
568 2813 610 2862 ex
646 2788 728 2862 alia·
748 2802 845 2888 parto
878 2785 1127 2886 Hieropropbus

64 2887 304 2961 Xenocratieua
332 2888 469 2962 oeulum
493 2889 602 2972 otiam,
615 2888 753 2966 babebit
777 2887 822 2984 ad
851 2885 1030 2968 Pantheum
1053 2887 1127 2962 Do·

63 2986 233 3062 minorum
254 3007 388 3063 suornm
412 3003 634 3082 externorum,
668 3001 702 3060 et
727 2988 848 3086 seligat
871 2987 988 3060 saltam
1010 2985 1127 3062 Nomi-

61 3115 121 3180 na,
151 3111 241 3186 quae
265 3089 342 3168 Diis
366 3101 401 3162 at
426 3089 594 3169 Hannibus
623 3088 769 3164 externis
792 3085 1026 3185 Hamiopbona
1049 3100 1126 3160 sunt

62 3201 96 3259 at
113 3187 259 3264 similia:
275 3187 366 3272 unde
381 3188 571 3263 huiusmodi
596 3186 816 3264 Porodr'r‘rmus
832 3184 996 3265 subdolus
1012 3211 1127 3262 neees-

46 3286 155 3387 sario
168 3285 331 3360 exoritur·
347 3287 437 3364 Vide
454 3287 724 3362 Tantam-Ham.
742 3289 817 3364 Etr.
832 3313 915 3388 pag.
928 3287 987 3360 t8.
1002 3285 1046 3360 ad
1059 3287 1121 3360 32.

112 3387 156 3464 V·
187 3387 338 3460 Breviter
360 3391 567 3490 ampliarentur·
588 3387 750 3464 Parumne
767 3387 930 3466 Etruscae
949 3386 1055 3488 paulo
1072 3415 1127 3464 stt·

61 3509 129 3584 pra
153 3492 339 3564 indicatae.
389 3549 391 3554 .

114 3591 160 3660 l..
178 3587 293 3662 Pata.
323 3588 367 3663 Et
391 3587 525 3670 omnino
549 3587 580 3664 s'i
604 3613 689 3664 rata
724 3615 811 3666 naon
848 3603 901 3662 est
924 3614 952 3662 a·
967 3572 1035 3674 bt:
1060 3615 1122 3664 rua

63 3671 125 3775 ¹72⁹
152 3713 208 3762 usu
234 3697 348 3784 fluaua
373 3695 527 3785 affluere,
555 3687 585 3768 si
610 3674 683 3780 ‘aba
705 3715 767 3763 utu
792 3713 877 3771 autu
896 3700 948 3761 est
963 3694 1055 3764 aanor
1071 3691 1123 3762 in·

1 3857 2 3870 ,
67 3787 178 3881 tinxit5
205 3789 412 3882 madeleait,
439 3789 558 3892 qnldni
582 3788 832 3888 Hiarograpbos
861 3789 1021 3864 Etruseus
1053 3815 1121 3864 non

67 3889 302 3987 exsoulpsissat
327 3891 465 3968 Fontem
485 3905 524 3968 et
536 3891 702 3970 Crateron
717 3913 874 3988 aquarum
885 3875 967 3978 bap
980 3917 1072 3978 runa,
1084 3899 1119 3976 at

71 4009 138 4060 non
160 3987 295 4064 lecisset
318 4015 405 4076 rann
431 3990 598 4071 lavantem
621 4003 657 4064 et
680 3989 948 4072 madefacientem
963 3976 1037 4075 ‘7³72
1059 4011 1120 4056 Μ

77 4085 224 4186 Capillos
236 4093 333 4168 aust
346 4091 452 4172 Lusit
467 4089 665 4188 manamine,
677 4103 712 4164 et
720 4087 944 4188 Polydynami
960 4085 1122 4209 Nominis·

1 4263 3 4309 p
163 4279 169 4287 ,
245 4264 248 4282 r
