2976 5032
240 527 242 534 y
276 491 280 496 -
384 437 461 512 dnm
486 433 713 534 systematicaa
739 431 926 508 solidne'et
952 457 1072 508 curvae
1085 433 1132 509 'et
1162 438 1259 534 qnasi
1284 437 1440 513 Elicoei-

385 539 462 632 dae;
489 537 575 608 inter
599 537 671 607 eins
695 531 800 632 pedes
825 547 876 605 est
893 532 1001 606 Anser
1024 535 1078 608 rel
1095 533 1232 636 Cygnus
1258 542 1436 636 gradiens,

382 641 442 714 sed
468 659 566 708 sensu
588 636 719 706 inverso
746 633 875 706 scilieet
900 634 1073 708 Medusam
1097 651 1132 707 et
1156 637 1345 736 Nympbam
1380 667 1439 713 re-

378 738 477 810 latam
488 729 682 833 respiciens.
699 733 785 807 Ante
799 733 1001 806 Mercurium
1018 735 1148 833 species
1164 733 1330 836 quaedam
1351 742 1431 812 stel-

376 837 430 910 lae
455 833 642 922 radiantis,
670 833 764 904 cuius
789 848 894 905 tamen
919 848 1047 932 partem
1072 837 1187 908 cubitu
1212 863 1272 909 sno
1299 839 1434 912 abrum-

375 938 452 1036 pit..
468 934 555 1007 Ante
580 935 665 1006 hunc
688 933 813 1031 primus
838 934 931 1006 ducit
956 935 1117 1032 Pompam
1140 938 1193 1010 rir
1218 939 1358 1009 Borino
1389 940 1434 1010 si·
1468 987 1469 1006 ,

378 1061 419 1108 ve
444 1033 605 1121 Taurino,
622 1047 659 1105 ut
675 1035 774 1131 piane
799 1033 944 1126 ridetur,
963 1037 1090 1134 capite,
1110 1037 1245 1110 scilicet
1263 1039 1434 1111 Minotau-

377 1161 448 1225 rus,
477 1135 562 1208 facie
576 1133 703 1232 Rorina
717 1146 805 1204 retro
825 1139 983 1206 converse
1000 1189 1010 1226 ,
1030 1161 1118 1233 pone
1130 1163 1226 1234 quam
1244 1141 1318 1212 avis
1335 1141 1433 1210 etiam

375 1229 470 1336 qnasi
488 1236 633 1308 volantis
650 1257 741 1305 more
763 1231 833 1324 est,
858 1235 918 1308 sed
944 1235 1053 1333 eapite
1077 1251 1112 1306 et
1136 1237 1282 1333 pedibus
1301 1264 1429 1310 carens:

374 1340 461 1410 inter
486 1333 593 1410 Pedes
617 1359 696 1406 vero
723 1333 905 1406 Minotauri
922 1332 1007 1408 Aris
1033 1336 1160 1443 pariyer
1178 1362 1307 1435 magna,
1325 1364 1424 1434 quem
1467 1333 1469 1472 Ι

373 1440 471 1510 etiam
495 1459 644 1509 anserem
668 1433 817 1526 diceres,
845 1435 936 1508 collo
963 1448 997 1506 et
1021 1436 1131 1532 capite
1157 1462 1289 1510 sursum
1316 1437 1423 1510 ciera·
1468 1497 1469 1510 ,

372 1554 422 1612 to.
450 1535 671 1636 lnghirarnius
688 1535 723 1604 i'n
740 1533 826 1606 Lett.
848 1537 904 1606 cit.¹
924 1558 1006 1633 pag.
1031 1535 1114 1609 181.
1139 1539 1223 1609 tet.
1241 1553 1422 1610 utmorem
1467 1519 1469 1610 i

374 1651 503 1737 gereret
528 1635 704 1708 Desiderio
722 1631 861 1730 Maggio
880 1632 1102 1706 eruditionem
1121 1661 1213 1708 snam
1229 1639 1427 1710 astronomi·
1468 1617 1469 1686 i

371 1764 444 1812 cana
460 1753 495 1809 et
507 1734 740 1831 astrologicam
748 1733 803 1804 hta
815 1734 981 1832 explicare
992 1731 1186 1826 adfectavit,
1198 1738 1313 1809 nescio
1333 1761 1424 1838 quem

373 1839 606 1934 liorescopum
623 1833 764 1934 fingens,
779 1857 847 1930 quo
863 1832 989 1924 Venus,
1001 1833 1105 1926 Mars,
1118 1835 1278 1908 Saturnus
1295 1854 1422 1912 utcum-

372 1965 439 2038 que
464 1941 610 2012 ooissent
635 1961 672 2035 p.
703 1937 786 2007 482.
815 1959 900 2032 quae
925 1934 1023 2006 nihili
1049 1948 1136 2005 sunt.
1168 1935 1252 2008 Nam
1279 1962 1343 2010 nec
1361 1936 1422 2010 Vc-

372 2068 436 2114 raus
461 2040 533 2114 ulla
558 2038 641 2126 bic,
681 2061 743 2106 nec
770 2035 863 2106 Mars
889 2034 976 2108 ullus
992 2047 1008 2127 ',
1039 2059 1100 2106 nec
1131 2035 1291 2110 Saturnus
1337 2038 1425 2110 ullus

371 2141 428 2216 hic
452 2143 593 2239 pessunt
618 2132 768 2230 agnosci.
798 2132 841 2204 Et
867 2135 1086 2208 certesatius
1117 2135 1252 2208 fecisset
1276 2137 1424 2233 lngbira-

370 2243 486 2328 mins,
519 2241 547 2308 si
577 2233 755 2307 distinctos
784 2245 818 2303 et
848 2231 1027 2308 adnotatos
1056 2235 1176 2308 saltem
1200 2235 1352 2310 Planetas
1382 2235 1425 2305 ab

370 2338 520 2410 Etruscis
546 2336 645 2405 certis
670 2331 865 2406 testimoniis
889 2337 1080 2430 probasset.
1101 2336 1186 2408 Nam
1203 2333 1425 2410 demonstrari

372 2438 466 2512 nullo
508 2433 610 2507 modo
645 2457 746 2530 posse
771 2459 833 2505 nos
858 2433 1065 2508 adfirmamus
1091 2451 1124 2508 et
1149 2437 1356 2535 profitemur.
1369 2435 1423 2550 ‘Et

373 2551 504 2639 egomet
528 2550 626 2608 tenen
653 2557 765 2605 omnes
791 2533 949 2606 Etruscos
975 2536 1008 2608 in
1034 2535 1179 2615 Scientia
1196 2537 1421 2612 Astronomrca

366 2641 499 2716 minime
524 2633 681 2710 Romanis
706 2633 941 2729 praestitisse,
969 2659 1028 2706 nec
1054 2636 1220 2709 Romanos
1251 2651 1422 2736 expectare

368 2742 515 2816 voluisse
541 2754 575 2810 et
601 2735 769 2828 suscipere
788 2733 978 2807 Doctrinam
999 2733 1201 2808 Graecorum
1217 2738 1272 2812 uix
1291 2735 1422 2808 tandem

369 2837 541 2910 Ciceronis
568 2851 602 2907 et
626 2835 778 2905 Caesaris
816 2847 949 2922 aetate,
981 2836 1011 2906 si
1042 2861 1267 2936 quaecumque
1298 2835 1422 2934 peritia

366 2936 590 3012 astronomica
615 2933 732 3008 suisset
756 2931 905 3003 Etruscis
930 2932 995 3004 iam
1019 2936 1061 3008 ab
1095 2929 1201 3011 aetate
1235 2937 1377 3008 Romuli
1392 2945 1421 3004 et

370 3039 511 3126 Numae,
527 3037 580 3108 rel
595 3037 693 3110 etiam
705 3033 825 3131 Pyrrhi
850 3047 883 3104 et
900 3033 1023 3106 Duillii
1048 3037 1150 3110 notis.
1167 3036 1206 3108 In
1226 3037 1288 3108 hac
1313 3051 1422 3108 autem

365 3136 610 3238 Hierographia
623 3136 762 3208 Etrusca
774 3132 1022 3233 Enapsychosim
1038 3133 1179 3209 futuram
1202 3137 1341 3238 Tyrscni
1362 3135 1420 3208 Sa·

364 3245 541 3318 motltracis
567 3234 713 3311 defuncti
739 3247 893 3330 putamus
919 3231 1090 3308 exbiberi:
1109 3235 1208 3312 Adeo
1234 3252 1271 3308 ut
1296 3235 1423 3335 Psyche

364 3344 411 3413 sit
437 3343 498 3416 illa
523 3340 665 3411 Persona
691 3335 800 3406 Pallio
827 3333 954 3433 ingenti
991 3336 1170 3432 obnupta,
1210 3337 1347 3408 omnino
1379 3344 1424 3404 nt

366 3443 536 3541 Nympha,
566 3439 722 3536 Sponsa,
750 3432 987 3508 Puellanovis
1013 3433 1153 3532 Nuptiis
1179 3435 1363 3514 destinata.
1384 3439 1417 3506 2.

362 3544 516 3616 Hominis
559 3539 730 3614 irascibilis
757 3535 907 3632 Typus,
953 3533 1146 3630 Symbolum
1172 3543 1272 3612 ammi
1305 3545 1420 3624 banau

361 3657 413 3714 cst
439 3644 491 3718 vir
516 3644 575 3740 qui
600 3636 777 3737 praecedit
802 3643 942 3709 arbactus
969 3634 1083 3733 gladio
1102 3636 1252 3729 stricto,
1281 3653 1423 3734 nepaes

327 3759 330 3767 “
360 3743 465 3816 sionis
493 3741 733 3814 vehementiam
759 3760 794 3806 re
821 3732 1026 3809 ostenderet.
1049 3735 1084 3805 3.
1114 3737 1422 3836 Sequitur-gravior

360 3843 453 3918 Nous
481 3844 579 3915 Meos
605 3840 656 3908 vir
680 3859 799 3930 nempe
832 3833 1027 3930 Symbolum
1051 3833 1175 3910 Mentis
1200 3836 1418 3911 strationis:
1466 3869 1467 3892 2

358 3947 393 4020 Is
423 3945 685 4043 Tripsycltismur
710 3934 1222 4029 Ty1·senicus,Samotbracius,
1249 3935 1419 4008 Cabiricus
1466 3985 1467 4024 3

355 4046 594 4147 dogmaticus,
626 4055 849 4134 quemnemo
876 4031 986 4106 adhuc
1013 4061 1111 4134 quem
1141 4038 1242 4110 sciam
1272 4031 1416 4136 animad-
1465 4041 1467 4104 t

357 4150 458 4228 vertit
482 4169 543 4226 uec
566 4134 750 4248 explicavit
774 4132 819 4213 ad
843 4133 1108 4246 pluraDramata
1133 4133 1282 4225 funebria
1309 4135 1413 4210 Urnis
1455 4107 1467 4162 i
