2976 5032
374 285 556 464 sititensi
580 383 755 463 Dioscuris
770 387 938 462 Cabiricis
955 387 1100 461 sedatum
1124 397 1160 458 et
1182 397 1362 482 pecuum
1380 411 1436 458 ex·

346 415 457 564 hiberi
483 489 640 564 arbitror,
668 489 753 562 Nam
778 489 813 562 iu
839 488 978 588 speculi
994 489 1123 586 Cumpc
1147 485 1219 558 due
1243 485 1353 584 Equi
1371 513 1432 586 pa-

345 613 403 666 ret
427 603 593 680 currunt,
618 613 702 663 uuus
719 589 880 664 -desultcr
905 601 940 660 et
965 609 1102 660 sessme
1139 611 1307 678 careus,
1342 587 1434 658 alter

200 699 204 768 ζ
344 711 508 766 sessorem
533 688 658 764 habeus
682 685 930 763 adolescentem
955 688 1079 762 nudum
1104 684 1259 785 palliolo
1295 699 1430 758 tautum

345 789 514 864 volitante
536 813 599 890 per
623 806 741 890 peetus
766 804 801 862 et
826 792 983 863 humeros
1005 803 1153 862 emutus.
1181 786 1287 859 Pone
1318 811 1430 886 equas

344 902 380 963 et
404 889 536 986 equites
559 893 657 990 quasi
683 915 723 962 ex
748 891 820 962 alte
844 891 973 989 pariete
997 887 1052 960 vel
1076 886 1195 986 potius
1212 899 1304 958 aere
1324 887 1428 982 eaput

175 1027 193 1040 =
342 988 564 1062 adulescentis
589 1004 742 1090 apparet,
769 991 883 1063 buccis
908 985 1046 1064 tumidis
1078 986 1189 1082 hantis
1214 999 1255 1058 et
1285 987 1430 1100 spirau-

342 1090 389 1162 tis
413 1087 621 1164 vehementer
662 1089 780 1182 adeo,
825 1105 863 1164 ut
891 1092 982 1164 vecti
1008 1089 1112 1162 afflati
1139 1087 1235 1183 signa
1257 1099 1307 1156 ,οἱ
1337 1111 1421 1157 rrre-

345 1187 511 1263 dictiones
528 1192 595 1265 siut
611 1192 797 1289 exsculpta.
811 1191 851 1263 Iu
865 1190 941 1265 hec
959 1203 1060 1288 caput
1076 1187 1189 1262 flentis
1206 1185 1424 1259 adolescens

263 1303 273 1322 ⁸
343 1290 456 1389 Eques
482 1305 571 1362 retro
596 1317 773 1365 conversus
798 1294 919 1364 acriter
941 1291 1083 1363 intentat
1112 1286 1296 1388 flagellum
1325 1285 1420 1384 'piu-

343 1391 437 1464 ribus
461 1389 619 1464 iuuieulis
641 1405 852 1490 congestum,
867 1391 962 1464 illum
988 1393 1054 1464 iam
1079 1389 1144 1462 iam
1169 1410 1415 1486 percussurus.

269 1521 274 1532 ·
343 1491 445 1590 Humi
470 1504 522 1563 est
546 1490 690 1585 Noctua,
717 1507 750 1564 et
767 1492 913 1594 Serpens
937 1502 1048 1564 erecto
1074 1488 1215 1588 capite:
1237 1489 1339 1560 Tum
1358 1485 1419 1556 Ca·

345 1591 554 1668 miscernus
579 1606 656 1666 aute
680 1616 818 1692 equost
843 1591 941 1666 Litus
967 1590 1177 1692 proximum:
1197 1587 1333 1660 Undae
1352 1609 1419 1656 ma·

344 1692 392 1764 ris
417 1703 610 1784 tumentes,
637 1693 822 1790 fluctusque
847 1691 922 1784 ulti,
950 1707 985 1765 et
1009 1689 1186 1763 involuti:
1217 1713 1260 1760 ex
1290 1685 1418 1786 quihus

265 1841 266 1846 κ
344 1791 464 1887 iugens
487 1792 616 1890 speeies
642 1795 793 1866 Hominis
820 1793 988 1891 emergit,
1016 1813 1115 1890 quam
1143 1801 1234 1861 recte
1260 1790 1418 1862 Contuc-

348 1894 420 1963 eius
446 1891 621 1988 Spectruur
642 1895 882 1992 etpheutesma
907 1891 1062 1992 appellat
1082 1944 1093 1980 ,
1117 1887 1254 1987 prolixa
1281 1902 1322 1960 et
1349 1886 1416 1957 leta

346 1992 449 2066 hurh'a
472 1991 680 2087 instructum,
695 2010 730 2067 et
748 1993 884 2090 capillis
897 1993 1055 2066 horridis·
1075 1989 1106 2061 E
1123 1989 1230 2062 coeto
1242 2007 1416 2086 praeceps

305 2119 308 2124 ·
345 2093 470 2192 absque
494 2095 560 2167 siis
585 2097 653 2169 ruit
677 2095 873 2167 adolescens
898 2109 1037 2192 utraque
1062 2115 1157 2164 meuc
1181 2089 1329 2162 taeniam
1356 2082 1411 2155 rei

250 2255 253 2260 Α
347 2192 484 2288 sueciam
508 2210 609 2270 veutc
634 2209 798 2268 curvatam
825 2196 944 2270 ferens.
964 2189 1297 2266 Contucciusnescio
1310 2208 1419 2282 quem

350 2295 492 2364 ethicum
508 2294 715 2392 ‚allegoriam
739 2296 895 2368 Drumete
921 2293 1069 2370 exhiheri
1094 2290 1242 2393 putarit,
1269 2287 1307 2358 iu
1335 2283 1419 2379 biga

350 2392 463 2462 ritem·
478 2391 664 2484 humanam,
692 2396 728 2468 iu
752 2395 865 2494 equite
892 2397 1034 2468 animum
1060 2392 1205 2466 hominis
1220 2389 1355 2486 inepte,
1376 2395 1416 2452 ut

234 2499 236 2504 “
351 2492 563 2592 pierumque,
591 2519 730 2592 pouces.
759 2496 864 2596 Atqui
891 2495 958 2569 Ore
972 2487 1036 2568 illo
1053 2495 1153 2568 flaute
1169 2489 1311 2590 exprimi
1321 2483 1416 2560 ven-

349 2607 419 2664 tum
444 2594 697 2688 vehemeutem,
737 2611 771 2668 et
795 2598 911 2670 ueteri
946 2595 1152 2686 schematis,
1178 2605 1215 2663 et
1240 2614 1305 2690 per
1344 2583 1414 2656 alia

353 2693 504 2796 exempla
530 2706 563 2767 et
589 2711 795 2788 monumenta
811 2711 954 2770 certum:
970 2696 1034 2770 Per
1050 2693 1145 2769 illem
1169 2691 1320 2764 Laecam
1336 2685 1414 2758 btr-
1473 2759 1474 2762 ,

352 2788 456 2864 hest
482 2795 621 2891 capillis
644 2797 813 2873 horridam
839 2799 1021 2871 eleruutem
1047 2819 1084 2868 se
1109 2821 1148 2868 ex
1172 2791 1335 2864 ssuctihus
1361 2797 1413 2854 tu·

342 2893 526 2998 mentibus·
539 2897 680 2993 exprimi
705 2897 887 2971 Procellam
912 2921 1063 2997 gravem,
1089 2906 1319 2994 tempestatem
1344 2907 1412 2957 mt-

351 2989 494 3065 citimam
520 2993 728 3071 meuihstum
753 3023 815 3096 per
838 3001 915 3098 ipsa
941 3000 1124 3087 Schemate,
1151 2994 1212 3066 sed
1228 2992 1356 3064 adsnut¹
1378 2993 1412 3053 θῑ

353 3089 476 3164 simiiia
502 3115 719 3172 monumenta.
748 3101 864 3200 Equos
889 3099 1078 3173 desultores
1103 3114 1251 3172 sacratos
1268 3093 1413 3164 Dioscu-

351 3189 400 3262 ris
424 3215 464 3265 ex
482 3195 590 3268 Ludis
607 3197 833 3273 homanorum
854 3200 1074 3275 Circensibus·
1086 3212 1211 3271 uotum.
1234 3191 1325 3292 Equi
1344 3185 1411 3258 Ge·

351 3289 446 3364 metti
470 3292 648 3388 Gemeiios
669 3301 854 3374 Dioscuros
879 3301 1097 3402 significent,
1123 3295 1300 3369 Gemellus
1324 3307 1411 3361 uuus

237 3485 241 3492 Ι
349 3407 466 3490 eques,
486 3397 564 3494 quia
581 3399 711 3473 Alteme’
734 3407 826 3476 eraut
850 3401 941 3501 lege,
955 3418 990 3477 et
1007 3404 1040 3475 iu
1053 3399 1155 3472 Girec
1181 3393 1402 3490 onustique,
1472 3389 1480 3473 i

351 3501 391 3563 et
410 3491 480 3569 duo
505 3497 596 3599 Equi
618 3503 949 3580 currebant-'Castor
975 3503 1139 3578 Gemellus
1163 3499 1277 3594 liques
1300 3493 1405 3587 impe·

352 3604 406 3705 rat
429 3593 553 3691 vento,
578 3613 618 3672 ut
636 3617 746 3702 pcuut
772 3629 827 3698 se,
849 3619 884 3695 et
907 3606 1082 3702 quiescet:
1110 3597 1158 3674 At
1180 3590 1409 3670 nisi'amedat

352 3703 451 3804 “3⁸⁰¹
471 3693 641 3775 ‘Gemellas
660 3706 815 3778 Castoris
833 3705 949 3776 marini
973 3705 1094 3778 hactus
1118 3708 1183 3777 heu
1210 3695 1408 3794 qttie⁵⁰0⁰i²

352 3791 440 3866 ihm
457 3794 637 3872 Gemellas
653 3805 749 3876 ¹alter
773 3829 792 3875 e
817 3801 925 3878 Coelo
949 3805 1036 3894 ruit,
1061 3817 1102 3878 ut
1126 3799 1278 3876 Gemeilo
1304 3793 1405 3867 adso·
1475 3821 1477 3840 s

354 3893 462 3968 citius
486 3905 521 3970 ‘et
545 3900 868 4000 ecmuuetusPelagi
892 3906 959 3976 ires
983 3905 1118 4001 penitus
1142 3897 1405 3977 &mutuarer

355 4004 463 4070 autem
488 3995 804 4074 Dioscurissaer'es'
825 4015 938 4074 metum
964 4027 1004 4076 ex
1022 4004 1173 4076 Nummis
1188 4001 1307 4076 Gentis
1324 4000 1410 4069 Cae·
1477 3975 1481 4045 3

359 4095 452 4194 ’ἦθ’
483 4111 518 4176 0⁸
541 4119 583 4176 ὑί
599 4101 685 4176 tliit
708 4101 876 4204 piurihes'
890 4103 1116 4178 Monume'utis
1140 4102 1286 4180 Larium.
1315 4103 1407 4212 Vitta
1478 4145 1481 4260 1

954 4333 971 4390 h
