2966 5022
16 461 19 474 ,
76 395 200 503 logIcu
227 400 496 490 adumbmuturt
535 397 675 477 Scilicet
699 399 816 481 Medis
840 401 968 484 Mulier
992 305 1154 506 cst9i3pst

15 550 17 586 :
74 503 259 581 Adrastia
282 502 356 606 ipsa
382 527 515 577 ruuseu
539 515 638 604 utque
664 531 767 578 srurs
791 503 1007 580 Etruscorum
1030 507 1118 582 alate
1133 550 1151 600 ‚·

13 649 14 676 3
74 619 112 676 et
140 633 186 681 ee
213 633 288 694 mea
304 605 462 704 opinione
477 603 578 695 nudo,
596 604 677 702 quia
701 607 873 682 exhibetur
890 605 991 680 buius
1015 606 1095 680 meli
1112 609 1169 680 et'

11 765 12 768 ¹
77 705 212 782 furiosi
239 707 360 781 Mundi
385 705 485 794 finis,
512 717 594 800 post
619 730 717 803 quern
741 708 974 780 omniserunt
998 708 1090 780 nude
1114 719 1151 778 et

107 808 188 880 uasi
215 810 443 905 incorporea:
472 804 620 903 Eiusque
645 805 807 902 Symbola
831 805 998 880 evidentia
1025 805 1150 878 Cicone

9 993 10 996 Ἴ
77 833 148 981 ille
174 912 294 1002 foralis
317 919 351 980 et
376 903 535 996 Martem,
562 917 597 978 et
621 903 697 1004 ipsa
719 906 804 980 adeo
828 905 951 980 Nortia
969 907 1151 1002 Gluoipnn·

76 1033 126 1101 yn
147 1035 159 1100 3
187 1010 233 1082 ab
260 1009 332 1080 eins
358 1003 490 1078 sinistre
514 1017 568 1076 est
592 1029 676 1076 unus
713 1031 753 1078 ex
777 1005 956 1080 Dioscuris
982 1003 1149 1078 Cobiricis

74 1113 193 1180 rectus
221 1111 377 1182 hastatus
397 1159 408 1196 ,
432 1129 532 1202 quern
558 1105 627 1178 siue
651 1103 815 1178 Pollucem
852 1105 924 1180 sire
961 1107 1149 1204 Apollinem

72 1210 300 1305 appellamus
326 1231 393 1279 non
419 1229 576 1278 erremus.
605 1203 643 1273 3.
671 1203 796 1276 Mulier
823 1203 943 1278 sedens
968 1204 1086 1295 nude,
1113 1213 1150 1274 ct

72 1311 173 1380 vultu
201 1331 328 1384 averso
358 1306 465 1380 Venus
503 1319 584 1395 est,
611 1301 725 1375 Venus
761 1303 824 1376 illa
852 1303 1018 1378 Genitalis
1043 1315 1149 1376 mater

73 1409 325 1508 corruptibilis
351 1417 385 1476 ct
408 1403 551 1501 perituri
576 1403 710 1493 Mundi,
737 1425 836 1476 causa
862 1405 1031 1494 Fatorum,
1057 1403 1151 1476 soro-

76 1531 153 1581 rum
182 1525 221 1584 et
246 1505 470 1582 calamitatum
496 1503 651 1576 omnium.
670 1504 708 1573 l.
723 1501 773 1575 Ex
798 1503 864 1576 alio
887 1519 983 1603 purte
1000 1516 1052 1578 est
1069 1502 1148 1576 Mu-

71 1603 142 1680 lier
171 1612 337 1684 decenter
379 1603 500 1676 vestita
530 1603 773 1700 Philrntbropa
810 1603 961 1678 miserum
999 1602 1149 1700 eomple-

72 1723 196 1801 ctens,
226 1710 309 1782 haec
339 1707 491 1778 Cabirice
515 1703 684 1776 Minerua.
716 1703 750 1774 5.
779 1702 914 1778 quenis
938 1704 1068 1778 tendens
1095 1701 1148 1776 fu-

74 1831 176 1900 rens,
206 1833 320 1906 unger,
347 1805 518 1902 inquietus
543 1817 600 1876 est
620 1801 798 1876 Gemellus
822 1804 1011 1896 Cabiricue,
1036 1816 1070 1876 et
1081 1802 1147 1876 Cu-

71 1905 181 1980 birus
208 1929 419 1980 aerumnosus
444 1903 730 1992 sinebantur,
760 1901 834 1976 siue
858 1903 1038 1994 Ilereuler3
1072 1927 1147 1992 nem

75 2017 268 2100 utrumque
293 2005 478 2076 habuerunt
502 2002 636 2074 Etrusci
661 2013 701 2074 ut
724 2001 939 2096 Dr'oeenrurn,
965 2017 1001 2074 et
1024 2016 1147 2074 utrum·

77 2131 159 2200 que
186 2129 333 2206 aegrum,
359 2123 602 2192 aerumnosum,
628 2100 696 2175 imo
719 2108 893 2195 furentem,
919 2128 961 2176 ex
986 2102 1148 2174 veteribus

83 2205 246 2304 Myrtois,
273 2218 307 2278 et
323 2199 605 2298 exscriptoribus
629 2199 862 2300 Apollodoro,
889 2201 1026 2294 Nonne,
1054 2200 1150 2274 Euri-

79 2305 335 2403 pide,Seneca‚
364 2300 606 2374 etcnovimos:
633 2301 845 2402 Dignumque
869 2315 985 2375 notatu
1012 2313 1062 2374 est
1086 2299 1146 2374 bus

83 2406 305 2502 potissimum
328 2399 558 2501 aegritudines
572 2414 706 2500 putasse
718 2402 856 2478 Veteres
878 2403 973 2476 Clavi
988 2400 1146 2476 infixione

81 2504 224 2578 emoliri
249 2517 283 2577 et
306 2502 459 2602 repelli:
487 2500 584 2574 Unde
609 2501 729 2576 Livius
745 2500 840 2576 Libr.
859 2501 956 2578 VIII.
972 2527 1003 2576 c.
1025 2504 1085 2574 te.
1104 2527 1143 2600 p.

84 2602 177 2680 teo.
204 2601 400 2678 testabatur:
426 2601 591 2674 Memon'e
608 2627 651 2674 ex
666 2605 853 2680 Annalibus
876 2607 1014 2702 repetite
1043 2609 1078 2674 in
1093 2628 1143 2672 ee-

78 2708 282 2778 ceass'orrr'bus
297 2705 463 2803 quondam
471 2701 576 2774 Plebis
598 2701 764 2802 elenen(
781 2699 950 2802 Nortiae)
966 2703 1009 2772 ab
1026 2702 1148 2772 Dicto·

76 2819 153 2878 tore
171 2813 288 2898 Mum,
307 2807 534 2900 albentesque
566 2802 749 2882 Drseordie
774 2823 894 2878 mentes
922 2805 1085 2876 luminum
1107 2826 1146 2872 eo

75 2909 222 3001 piaculo
248 2921 409 3005 compotes
434 2910 487 2974 sui
511 2908 631 2992 sectos.
660 2902 706 2976 Et
717 2903 847 2978 Plinius
863 2902 959 2976 Libr.
967 2899 1141 2976 XXVIII.

79 3030 167 3102 cap·
196 3011 232 3080 2.
261 3031 342 3105 pag.
373 3002 459 3076 454.
488 2997 687 3075 scribebat:
714 3004 888 3078 Hominum
912 3003 1034 3095 sorores
1050 3004 1146 3076 sede·
1241 3039 1244 3046 ¹
1309 3009 1312 3018 '

15 3189 18 3196 .
79 3121 137 3176 ros
157 3106 366 3199 Clavtserrer'
383 3106 563 3195 inficiente:
593 3099 695 3194 Quod
719 3103 829 3199 ipsum
865 3126 1054 3202 expressum
1095 3114 1147 3176 eat

82 3204 264 3279 Lemmate
288 3203 437 3303 Speculo
461 3199 638 3298 adposit03
666 3202 815 3276 scilicet:
843 3203 1014 3280 Merentem
1034 3204 1148 3276 liberet

77 3321 116 3376 ct
133 3323 236 3379 seem
271 3307 392 3392 ,Cluen
431 3301 517 3374 Nom
542 3327 695 3376 urrunnu
718 3329 886 3380 ernnust
911 3317 962 3378 est
984 3287 1147 3396 nmflrbn

75 3429 235 3478 unu-ura
262 3429 368 3477 unum
393 3409 500 3494 surore
516 3402 692 3497 perditum,
710 3403 842 3478 fumosa
862 3404 1068 3503 aegritudine
1084 3401 1145 3494 de-

77 3504 250 3578 ficientem
267 3531 275 3577 :
294 3507 343 3577 ²2.
372 3525 527 3576 nnuman
571 3515 622 3574 cst
658 3505 769 3603 ipsum
794 3491 877 3592 blm
902 3529 994 3578 suurn
1029 3503 1146 3580 liberet

75 3604 182 3703 eripit
207 3608 330 3678 colente
359 3602 453 3704 quod
480 3601 509 3672 si
535 3602 701 3702 scriptum
724 3629 841 3678 revere
866 3629 1031 3694 uenture,
1054 3605 1144 3684 uem-

78 3728 125 3802 pe
167 3729 338 3780 usur-ern
381 3704 448 3776 erit
471 3727 492 3775 e
516 3685 601 3788 ἥκω
642 3731 710 3784 unt
749 3691 843 3792 :abin
868 3731 952 3778 utun
995 3703 1145 3790 Fortuna

79 3807 167 3878 bono
210 3813 333 3891 erebia
359 3830 476 3904 τυχη,
493 3819 571 3903 remp
600 3828 690 3884 orne
715 3808 886 3897 solutoris,
914 3833 1050 3898 senens,
1087 3825 1145 3876 eu-

82 3905 136 3976 ius
157 3908 256 3980 uocis
281 3905 515 3979 lexeoscbome
538 3917 589 3977 cst
614 3903 651 3980 io
675 3933 797 3983 corone
820 3905 961 3986 Nortiae
989 3901 1143 3990 ramilera

85 4008 222 4098 floride,
244 4031 347 4107 qurum
374 4024 453 4102 unu
472 4027 561 4078 orne
579 4003 690 4102 ipsum
706 4007 751 4083 sit
765 4035 877 4084 remus
889 4005 1042 4101 floridus,
1056 3997 1142 4070 adeo

89 4115 129 4176 ut
152 4104 233 4180 bace
256 4107 378 4183 Nortia
394 4148 397 4170 ·
414 4107 506 4214 bone
530 4118 565 4180 et
590 4107 752 4185 edmerus
788 4107 903 4210 potuit
939 4095 1072 4198 egregit
1108 4106 1145 4170 tl
