2966 5022
137 431 206 510 Ill.
241 437 349 533 Tuque
377 433 569 533 Tarquinius
593 429 804 506 Etruscarum
828 429 990 532 Symbolir
1011 433 1144 508 Hcrurc·

85 541 127 608 tis
159 539 287 620 Graeci
309 539 359 610 cel
380 535 539 610 Mercurii
577 533 716 606 Romani
753 559 949 634 cupressus,
984 549 1016 606 ot
1041 533 1145 608 dictur

88 663 234 714 rurus.
1147 684 1150 702 ·

141 737 183 808 ln
209 739 340 830 Etrusca
365 731 608 830 Hierogrupbie
625 731 777 804 universa
794 731 888 804 nulla
906 745 982 816 suut
995 731 1144 806 Hieras-

12 879 14 890 ·
86 836 235 928 gulmuta
257 839 347 910 nulla
370 834 637 924 Hierodrumutn‚
664 857 749 931 quae
766 832 896 916 directe,
912 845 946 906 et
963 831 1142 906 manifesto

86 939 272 1032 exprimunt
302 936 452 1030 Tapctcm
478 935 566 1006 bunc
596 932 836 1032 Tarquinium:
865 931 909 1004 Et
925 947 1044 1008 contra
1062 930 1149 1002 uul-.

79 1031 118 1104 lu
146 1034 245 1110 fuisse
270 1035 443 1108 simulacra
467 1031 605 1108 conditu
632 1033 862 1128 Praeceptoris
880 1033 1019 1122 summi‚·
1045 1030 1135 1104 Cen·

77 1129 234 1226 diteris,
261 1136 471 1234 Propotoris,
499 1131 671 1206 Pontificis
697 1131 928 1206 incredibile:
963 1157 1005 1206 so
1030 1131 1136 1228 magis

73 1234 177 1328 quod
201 1237 234 1308 in
259 1237 405 1308 Pantheo
435 1233 582 1306 Cahirico
606 1231 672 1304 luit
696 1231 1062 1329 Typus'l'henlogicus
1086 1233 1144 1306 di-

79 1349 162 1406 etus
191 1337 356 1426 Cadmus,
381 1336 563 1422 (ludmilae,
596 1334 766 1422 Camillus,
793 1333 852 1432 qui
877 1333 1008 1432 egregie
1031 1345 1149 1431 potest

79 1449 116 1504 et
148 1435 250 1508 debet
274 1435 479 1531 respondere
505 1433 607 1530 Typo
635 1431 775 1504 Etrusco
805 1433 935 1530 Tuqetis
974 1433 1153 1510 Tarchon-i

78 1539 140 1606 tis.
170 1535 375 1634 Frequenter
399 1549 512 1610 contre
546 1533 581 1606 in
607 1531 852 1629 Hierogrupbio
887 1533 1025 1608 Etrusca
1060 1534 1146 1630 Spe·

79 1634 241 1716 culorum
266 1635 471 1732 conspicitur
489 1633 623 1706 Hermes
641 1633 804 1723 Graecus,
825 1646 859 1706 ct
876 1635 1062 1712 Mercurius
1079 1633 1151 1714 lnt-v

79 1736 179 1808 tinus
205 1735 318 1809 dictus
342 1762 427 1826 voce
450 1734 663 1820 ldioetbniea
689 1758 815 1814 nunus.
844 1732 888 1804 Et
912 1759 952 1808 ex
969 1733 1034 1808 ulie
1052 1750 1152 1832 porto,

78 1835 191 1930 plone
215 1849 339 1908 eertum
365 1837 568 1910 Mercurium
594 1834 682 1907 bunc
707 1857 768 1908 nec
794 1832 898 1908 tuisse
922 1833 1070 1908 Etruscis
1095 1835 1150 1916 le-¹

82 1949 205 2028 gutum
229 1935 263 2003 et
286 1934 450 2033 Angelum
474 1935 551 2008 lovi
577 1948 612 2006 et
637 1935 835 2030 cuicumque
865 1933 940 2009 Deo
964 1933 1144 2032 Olympico

84 2030 322 2106 adtributum:
350 2061 414 2108 uec
437 2036 545 2108 minos
569 2030 734 2130 Angelum
759 2031 1082 2130 Psycbopompom,
1109 2052 1143 2112 et

82 2131 287 2226 Daemoncm
313 2135 579 2232 Psyebagogum
600 2147 637 2218 ut
661 2133 792 2230 plenius
818 2134 965 2232 quisque
990 2157 1029 2210 cx
1051 2134 1151 2218 Sect.n

82 2229 177 2306 Vll..
199 2233 363 2331 colligere
390 2236 541 2331 poterit..
558 2234 775 2326 Quamobrem
794 2234 823 2306 si
842 2235 986 2308 omnium
1004 2259 1151 2312 conseo..

86 2356 131 2399 su
157 2347 281 2402 certum
306 2337 469 2426 Tueutum
482 2332 721 2426 ‚Phoenicium
748 2335 933 2408 Hermetem
952 2333 1115 2415 Graecum
1130 2393 1151 2432 ‚.

89 2426 304 2520 Mercurium¹
319 2435 503 2526 Latinum,
532 2435 692 2532 Tagetem
719 2434 892 2512 Etruscum
917 2436 1034 2532 plures
1064 2435 1149 2510 che·-

91 2544 237 2604 uactcrcs
263 2533 382 2618 babere
408 2560 624 2608 communes:
653 2535 749 2612 Etsi
776 2541 957 2612 certunm
974 2537 1145 2614 nodedi-

91 2629 244 2704 cebamus
270 2635 472 2710 Mercurium
499 2636 671 2709 Etruscum
689 2661 749 2710 nco
762 2635 1056 2732 Psycbnpumpum
1072 2661 1149 2716 essu

49 2759 65 2815 y·
88 2753 152 2799 occ
178 2731 344 2830 legatum,
373 2735 488 2832 utique
525 2751 577 2807 est
603 2735 677 2836 ipse
708 2737 815 2831 Topos
840 2729 1045 2824 Chthonius,
1073 2738 1147 2836 ipsc

89 2827 260 2927 Propstor
285 2833 427 2907 Generis
453 2835 599 2928 Etrusci,
627 2852 661 2908 et
678 2838 835 2916 maximus
849 2833 977 2934 Augur:
1009 2836 1148 2914 Dictus-

89 2954 156 3024 que
182 2959 288 3004 rurus
313 2962 379 3008 non
405 2933 505 3007 foedo
531 2937 746 3034 corruptione
773 2962 811 3010 ro
840 2937 950 3034 Ερμης
977 2991 987 3026 ,
1031 2952 1067 3010 ut
1092 2965 1147 3014 cu-

89 3027 313 3108 lumuiubetur
340 3034 499 3129 Luscius,
527 3036 587 3109 sed
612 3037 692 3134 quio
719 3051 771 3108 est
794 3053 863 3123 uun
888 3061 951 3110 rur
976 3040 1141 3132 umarus,

87 3135 209 3220 uiator,
236 3138 315 3232 quia
341 3149 391 3208 est
418 3155 480 3217 tun
507 3162 564 3210 rur
590 3136 790 3236 Praeceptor·
820 3139 983 3234 Muqr'rtcr
1004 3139 1144 3234 Ductor,

89 3229 252 3325 ,Maritum
271 3248 305 3304 et
322 3261 364 3309 us
379 3247 487 3320 urum
503 3261 585 3314 usin
598 3239 781 3326 ambulans,
801 3239 918 3329 uiator,
938 3238 970 3310 in
988 3239 1054 3332 viu,
1066 3243 1145 3338 quit

86 3329 226 3401 scilieet
252 3333 336 3406 vivit
361 3349 394 3408 ct
420 3336 515 3432 degit
538 3337 576 3408 in
600 3335 664 3411 buc
691 3337 832 3414 Mundo:
858 3337 942 3411 Nem
959 3338 1145 3414 Mercurius

89 3429 179 3522 apud
206 3456 320 3507 omnes
345 3441 496 3535 antiquos
522 3435 647 3512 Gentes
671 3438 763 3514 nulla
788 3452 930 3538 excepto
955 3451 1005 3513 est
1023 3440 1144 3540 Typus

88 3527 262 3624 Mythicus
289 3533 428 3608 Generis
445 3535 590 3627 humani,
611 3550 662 3612 est
680 3539 799 3636 Typus
828 3537 972 3612 bominis
986 3539 1140 3636 vintoris,

92 3631 188 3702 etium
214 3633 247 3706 in
274 3635 416 3711 Tartaro
442 3652 475 3709 et
501 3637 651 3734 Elysio,
677 3641 756 3734 quic
781 3653 833 3714 est
856 3639 1037 3726 rediturus.

136 3727 199 3802 lV.
228 3731 373 3831 Nuptiae
446 3739 561 3811 aderiti
611 3739 725 3812 abirici
762 3743 827 3812 siue
856 3739 985 3840 Taqctis
1009 3740 1143 3826 Etrusci

92 3853 159 3902 cum
184 3829 371 3926 Harmonia
395 3836 656 3913 Samothracia„
981 3895 983 3902 ι

143 3926 182 4002 ln
209 3933 353 4030 Speculo
378 3934 523 4027 funebri,
551 3936 644 4036 quod
668 3949 765 4032 uuus,
784 3966 881 4041 mem
899 3942 1015 4030 scium,
1033 3935 1144 4014 edidit

101 4022 246 4106 hacteuus
270 4036 473 4112 Gautuceius
499 4037 536 4112 in.
590 4064 642 4111 us.
670 4040 822 4116 Kirclur.
850 4041 880 4112 l.
909 4036 998 4107 Tun
1020 4038 1077 4108 ts.
1097 4060 1138 4132 p.
1199 4122 1201 4132 Ι

102 4122 159 4198 73·
187 4131 244 4220 tt,
263 4135 478 4242 conspicitur
496 4138 602 4262 §cuer
619 4137 736 4234 sedens
761 4141 872 4239 pullio
891 4133 1048 4246 interiere
1064 4147 1157 4222 tutu..¹
1291 4150 1293 4156 ’
