2924 5024
388 343 462 416 252
483 347 485 350 ’

340 441 535 518 Acheronta
550 444 740 514 monebo».
769 441 854 512 Tum
879 451 957 512 uota
982 440 1096 538 pueris
1127 441 1237 540 Styqis
1263 445 1387 523 Tarta.

336 546 431 618 rie'ae
456 542 565 638 Aqua,
593 557 627 613 et
651 541 882 616 Jusiurandum
906 540 982 612 Diis
1007 541 1219 614 Caelestibus
1245 546 1386 618 terroris

295 667 305 688 ·
339 656 373 718 et
398 645 533 738 paveris
559 653 781 739 argumentum
806 653 1011 736 perpetuum.

390 745 424 810 5.
455 741 603 814 Tandem
640 741 699 812 Dii
736 739 794 835 qui
820 738 853 808 iu
879 738 1034 810 Panthein
1072 737 1295 834 Popularibus
1333 745 1387 816 di·

340 852 457 912 cuntur
481 839 651 913 Caelestes
676 854 776 935 atque
801 836 970 934 Olympii,
988 863 1054 912 uon
1072 838 1105 908 iu
1124 837 1386 917 sublimitatibus

338 937 535 1036 quibusdam
559 939 800 1033 Hyperurauiis
824 951 860 1006 et
884 936 1149 1032 hyperaetberiis
1175 938 1295 1035 degere
1324 969 1387 1040 pu·
1445 929 1446 1024 l

339 1039 521 1129 rebantur,
550 1039 609 1110 sed
634 1039 670 1114 in
687 1035 866 1124 uerticibus
885 1035 1101 1133 quorumdam
1128 1037 1325 1132 Montium,
1354 1057 1389 1111 ut
1445 1031 1446 1036 ἵ

341 1135 493 1234 Olympi,
521 1134 717 1234 Atbabyrii,
740 1135 846 1228 ldae,
864 1134 1013 1232 Argaei,
1040 1136 1161 1228 Tauri,
1189 1135 1383 1232 Al·Bordi,

338 1236 462 1326 Mera,
490 1249 555 1307 ete.
1194 1313 1197 1318 ,

388 1335 492 1406 secr.
521 1335 566 1408 V.
599 1335 857 1432 Cornzoqroplria
899 1332 1179 1423 Uraneooolrieo,
1207 1353 1239 1406 ct
1267 1337 1387 1408 Torto—
1446 1337 1447 1416 l

338 1440 479 1512 rorizico
503 1442 673 1524 recentior,
694 1453 724 1510 ot
734 1439 874 1534 propria
905 1433 1138 1530 Tlroolooorum
1156 1433 1385 1514 Emonetioor'·
1446 1439 1447 1446 ’

228 1585 231 1589 -
278 1599 280 1604 ,
340 1550 466 1608 alarum
492 1550 523 1605 ct
547 1535 790 1616 Donatistarum.

393 1637 426 1703 l.
456 1631 542 1704 Nam
566 1631 833 1726 bis'Tlreolegis
859 1631 1044 1703 necessario
1083 1643 1150 1703 tres
1176 1633 1297 1706 Mundi
1334 1635 1384 1704 di·

339 1732 458 1806 stiueti
483 1746 517 1802 et
541 1731 666 1804 diversi
691 1734 948 1804 constituuntur.
977 1729 1172 1802 Altissimus
1202 1733 1266 1803 Dei
1308 1734 1384 1804 beni
1447 1741 1448 1798 l

340 1834 436 1918 sedes
461 1831 683 1918 lucidissima,
712 1831 826 1919 fixus„
853 1831 1035 1902 immotus:
1075 1829 1246 1904 Secundus
1270 1848 1383 1904 uester
1447 1841 1448 1846 ’

340 1933 459 2023 fluens,
479 1956 625 2021 currens,
643 1943 769 2002 rotans:
786 1929 919 2002 Tertius
929 1909 1092 2024 llylieus,
1107 1930 1321 2026 tenebrosus,
1337 1932 1383 2002 iu-

341 2048 466 2122 eertus,
494 2032 696 2108 Tartarieus.

391 2135 429 2202 2.
459 2131 503 2200 Et
528 2132 611 2204 haue
640 2131 928 2226 Coemoqroplriam
966 2127 1127 2223 probasse
1168 2143 1203 2201 et
1240 2130 1385 2202 tenuisse

340 2253 453 2308 omues
478 2229 667 2326 Aegyptius
694 2230 913 2326 Typhonieos
938 2227 1066 2298 etiamsi
1092 2228 1185 2299 nulla
1209 2229 1265 2301 vel
1292 2229 1387 2300 cesti,
1448 2297 1449 2300 ,

343 2328 455 2400 monia
480 2329 534 2398 vel
561 2327 772 2400 Menumeuta
798 2327 962 2416 adessent,
988 2352 1029 2397 es
1053 2340 1168 2398 natura
1193 2328 1383 2423 dogmatum
1443 2307 1449 2446 l

343 2425 416 2498 iure
441 2427 652 2524 colligemus.
682 2425 769 2516 Quin
795 2427 823 2496 si
849 2428 882 2497 iu
907 2427 1058 2497 Zodiaee
1097 2427 1310 2523 Tentyritiee
1338 2453 1391 2498 se·
1448 2463 1449 2466 ¹

343 2525 543 2606 mieiraulari
567 2525 737 2602 (lentinum
762 2525 858 2596 Coeli
898 2526 1060 2598 sustinent
1096 2540 1239 2619 quatuor
1276 2526 1385 2598 Isidos

342 2641 465 2720 rectae,
491 2653 576 2724 quae
602 2626 735 2720 inipso
761 2624 894 2696 Tartari
918 2625 1068 2710 tabulato
1103 2627 1285 2698 consistere
1326 2651 1385 2723 poa

342 2741 476 2800 nuutur:
504 2729 590 2800 Tum
616 2737 693 2798 neto
720 2723 805 2794 Heri
831 2723 1105 2818 Hieraeeeepbali
1132 2725 1310 2820 genuflexi,
1333 2725 1386 2822 qui
1414 2708 1450 2798 3

232 2913 235 2920 Ι
345 2827 524 2896 consistere
549 2837 706 2920 putantur
744 2823 776 2892 in
804 2820 971 2894 Tabulata
997 2824 1151 2898 Terrae:
1191 2824 1321 2920 Utique
1357 2824 1384 2894 si
1449 2855 1450 2870 ἢ

344 2921 436 2994 Deos
462 2924 632 2997 Caelestes
661 2945 762 3016 super
787 2921 922 2992 Cortiua
947 2919 1109 2996 Astrilera
1137 2923 1308 3020 ponimus,
1335 2938 1383 2997 te·
1449 2923 1450 2968 ³

345 3034 415 3094 tum
441 3024 641 3094 Tricesmeu
667 3019 870 3116 Aegyptium
894 3019 1064 3092 hebemus.
1276 3025 1278 3030 ’

393 3120 429 3191 3.
459 3123 552 3193 Hane
565 3121 619 3196 vel
639 3119 777 3192 similem
799 3121 1087 3216 Cosmoqropbiom
1104 3117 1205 3190 fuisse
1223 3120 1384 3197 Chaldae-

347 3219 403 3310 is,
449 3235 517 3292 tum
546 3247 585 3292 ex
609 3215 1067 3319 Fragmeutisl,.bstrulogiae
1094 3245 1172 3296 suae
1197 3219 1386 3292 Genethlia-

232 3375 235 3382 .
346 3344 419 3412 ene,
447 3334 515 3394 tum
540 3346 581 3394 ex
605 3321 795 3392 testimonie
820 3299 971 3417 liudgeri„
991 3345 1031 3390 ex
1058 3318 1154 3404 tter„
1175 3318 1222 3390 ll.
1250 3320 1338 3392 Bet.
1354 3343 1384 3400 e.

350 3419 411 3488 3t.
438 3445 476 3515 p.
508 3421 591 3492 tte.
610 3421 706 3491 Δ445.
735 3431 805 3490 tum
830 3435 870 3490 εἰ
895 3398 1050 3506 Olaerrlis
1067 3415 1277 3508 §baldaiein
1306 3402 1386 3515 quale

345 3516 520 3590 ediderunt
544 3517 732 3606 Patricius,
746 3517 955 3608 Kircherus,
984 3515 1179 3606 St'ableius,
1207 3517 1383 3613 Clerieu's,

347 3615 550 3712 Taylorus,
578 3618 733 3713 aliique:
762 3617 824 3688 etsi
850 3643 887 3688 ee
914 3617 1058 3710 condita}
1081 3616 1218 3688 fuissent
1244 3591 1386 3732 secuindu

347 3717 479 3792 saecule
505 3717 707 3806 Christiano,
735 3730 770 3786 et
794 3713 946 3787 adbibita
971 3742 991 3786 a
1017 3709 1273 3814 Neoplatonieis
1288 3737 1387 3812 usque

348 3818 555 3892 adsertam:
584 3815 753 3894 evidenter
779 3815 964 3910 colligitur.
995 3815 1079 3894 Nam
1096 3814 1249 3909 frequens
1276 3817 1310 3888 iu
1338 3812 1386 3884 bis

355 3919 508 3992 Oroeolis
533 3914 653 3996 mentio
680 3913 799 3986 Mundi
817 3915 915 3986 lucidi
931 3926 968 4006 et¹
980 3915 1286 4013 puri,sublimis,et
1299 3937 1388 4012 prae·

349 4019 481 4097 stantis:
510 4019 597 4088 Tum
621 4014 744 4114 Hyttci,
772 4011 962 4109 Anooqooi,
987 4012 1169 4100 tenebrosi,
1198 3991 1289 4086 mal-l:
1307 4015 1386 4082 Tum

348 4117 449 4188 medii
473 4115 593 4205 uestri,
623 4113 718 4211 quasi
743 4113 880 4186 Rhombi
904 4113 1057 4206 Hecates,
1083 4111 1259 4207 Turbiuis,
1298 4113 1403 4187 Stre·-
