2966 5022
439 341 488 415 bb

383 441 602 543 loappellata
619 447 896 512 auenniensem
909 435 1016 510 adhue
1039 435 1250 536 Clraotr‘caet
1273 459 1427 536 emergens

357 563 362 572 ·
380 569 424 618 ex
449 547 554 617 calice
577 540 670 610 lloris
688 539 851 630 Choireai,
871 551 909 610 ut
919 537 1064 610 vidimus
1082 558 1183 636 supra
1199 562 1238 636 p.
1251 539 1313 607 55.
1327 539 1383 609 56.
1398 537 1426 608 in

384 645 518 717 sinistra
540 641 704 740 phyclom
727 637 873 729 fatalem,
901 636 937 708 in
962 637 1078 711 dextra
1096 640 1212 712 stilum
1229 637 1427 734 scriptorium

234 811 237 822 ,
382 742 480 840 gerit.
508 739 595 811 Tum
619 738 653 810 in
678 739 747 811 alio
774 737 935 835 Speculo,
962 762 1031 836 quo
1057 738 1233 811 exhibetur
1259 753 1299 810 ut
1325 736 1426 820 Game

380 841 440 933 lia,
466 851 501 910 et
525 838 716 936 appellatur
742 863 820 910 rurs
846 841 916 910 sive
941 854 1018 934 vap
1046 863 1109 910 ors
1134 839 1320 938 Nephelis,
1338 837 1426 911 utdi·

383 963 493 1014 cemos
517 951 655 1038 agentes
680 937 724 1012 de
747 937 921 1028 Hercule,
949 938 1050 1014 babet
1074 939 1173 1012 etiam
1197 937 1316 1012 Scitam
1358 937 1428 1011 sori·

380 1038 528 1140 ptorium
544 1053 579 1110 et
590 1037 770 1142 Phyolam‚
788 1039 921 1126 etiamsi
933 1039 1016 1114 haec
1032 1040 1160 1114 metalli
1177 1040 1332 1112 erosionc
1348 1037 1429 1114 hand

381 1139 630 1212 evidentissime
655 1138 894 1236 conspiciatur.

370 1275 376 1282 ·
431 1238 495 1310 Ill.
524 1239 679 1312 Minerva
704 1238 915 1312 Etruscorum
939 1236 1200 1338 Moeropraplrc.

432 1339 471 1412 In
497 1339 643 1438 Speculo
668 1337 797 1412 funebri
811 1339 967 1430 Etrusco,
984 1339 1173 1438 quodunus
1200 1339 1302 1412 adhuc
1323 1361 1429 1437 quan-

369 1443 454 1514 ⁴tum
479 1442 550 1512 scio
575 1439 685 1530 edidit
708 1438 930 1537 Inghiramius
954 1439 1052 1512 Seria
1071 1438 1118 1512 ΙΙ.
1149 1439 1233 1514 Tab.
1258 1441 1320 1510 Μ.
1346 1464 1427 1511 con-

383 1541 525 1638 spicitur
550 1539 675 1612 Mulier
699 1540 753 1612 illi
777 1538 846 1610 fere
872 1539 1008 1638 similis,
1036 1563 1133 1636 quam
1151 1545 1302 1615 Martiam
1319 1540 1426 1612 Patai-

385 1668 460 1728 cam
476 1639 631 1730 diximus,
651 1637 765 1712 dextra
781 1637 940 1736 phyalam
952 1643 1213 1714 atramentarium
1228 1641 1360 1714 sinistra
1374 1640 1427 1712 sti·

382 1739 453 1813 lum
479 1741 691 1840 scriptorium
717 1763 864 1839 gerens:
892 1739 1063 1835 adscripto
1081 1727 1251 1814 lemmate:
1264 1769 1312 1812 n.
1331 1765 1426 1812 anon·

250 1857 253 1864 '
385 1867 430 1913 ro
447 1867 624 1915 ururavac
642 1867 676 1912 o.
693 1869 727 1914 n.
742 1839 965 1938 lnghiramius
983 1839 1052 1938 Op.
1069 1847 1123 1914 cit.
1143 1867 1224 1939 pag.
1240 1842 1329 1915 428.
1344 1842 1419 1914 429.

382 1942 467 2039 quid
490 1941 534 2014 de
559 1944 624 2030 ista
647 1941 785 2014 Pataica
810 1939 960 2012 Minerva
986 1939 1052 2013 sibi
1076 1942 1200 2014 faceret
1217 1943 1374 2032 nesciens,
1387 1940 1422 2012 de

353 2119 356 2128 Α
381 2041 615 2139 Inscriptionis
642 2042 841 2140 genuinitate
865 2041 958 2114 nisus
983 2055 1036 2112 est
1061 2041 1226 2116 dubitare:
1254 2042 1301 2114 Ar
1318 2043 1347 2114 si
1358 2039 1422 2139 pla·
1467 2091 1468 2094 =

383 2167 427 2216 ne
450 2143 628 2242 multiplex
651 2141 796 2238 Jupiter,
823 2141 960 2214 scilicet
983 2137 1174 2240 Olympius,
1202 2141 1419 2230 Thalassius,

361 2244 534 2342 ¹Stygius,
562 2241 681 2314 Casius
706 2253 773 2312 ete.
803 2241 833 2312 si
857 2241 984 2338 triplex
1008 2242 1111 2334 Juno,
1138 2241 1265 2341 triplex
1291 2243 1418 2327 Hecate,
1467 2279 1468 2290 κ

294 2343 298 2354 ’
381 2357 447 2412 etc.
475 2340 592 2436 quidni
618 2339 684 2412 erit
709 2339 835 2438 duplex
860 2343 1039 2416 Minerva?
1065 2343 1173 2416 Prima
1197 2367 1237 2414 ex
1253 2341 1420 2416 Penatibus

243 2505 245 2511 .
319 2516 323 2525 x
380 2437 545 2512 Gabir'rcis
570 2437 724 2530 Vulcani,
753 2456 787 2512 et
812 2439 899 2514 adeo
924 2443 1063 2516 Patarea
1080 2458 1114 2516 et
1130 2441 1304 2536 Chaotica,
1334 2457 1367 2514 et
1380 2439 1423 2513 al·

361 2557 453 2614 ‘tera
478 2543 640 2614 recentior
666 2561 706 2610 ex
729 2540 828 2614 Jonis
853 2543 990 2615 cerebro
1015 2545 1122 2616 natal
1160 2542 1250 2636 Quin
1268 2568 1349 2642 -ego
1375 2541 1421 2612 aio

380 2665 555 2740 numquam
581 2637 720 2737 Mythos
744 2653 780 2710 et
806 2641 1009 2714 characteres
1027 2645 1197 2717 Minervae
1223 2643 1293 2716 sine
1322 2645 1424 2739 AEgy·

361 2781 363 2786 ·
407 2745 485 2833 tiae,
507 2745 578 2814 sive
594 2741 753 2828 Graecae,
775 2739 846 2836 sive
870 2741 1009 2814 Italicae
1033 2744 1183 2841 intelligi
1208 2743 1274 2816 nisi
1299 2742 1424 2840 duplici
1467 2799 1468 2874 p

359 2769 446 2916 bac
470 2855 586 2913 natura
611 2839 786 2938 supposita
810 2852 844 2912 et
868 2842 1045 2932 instituta,
1072 2844 1223 2942 adeoque
1247 2844 1425 2916 tenebimus
1467 2879 1468 2924 a

378 2941 581 3012 Frontonem
600 2939 692 3012 hunc
717 2963 758 3012 ex
783 2941 906 3042 veteris
930 2942 1140 3041 Theologiae
1169 2945 1277 3018 effatis
1303 2944 1425 3042 Spepn-
1467 2939 1468 3026 l

278 3036 286 3049 ’
376 3037 447 3113 lum
472 3036 536 3113 hoe
560 3040 732 3116 Minervae
757 3039 916 3135 dieasse,
942 3067 1050 3142 neque
1074 3070 1225 3138 errasse,
1253 3045 1324 3117 sive
1348 3044 1427 3116 haee
1467 3053 1468 3122 ζ

379 3139 535 3214 Minerva
560 3141 718 3216 habeatnr
743 3136 993 3236 Archaeotata‚
1020 3143 1091 3218 sive
1115 3147 1226 3242 genita
1251 3159 1286 3218 et
1318 3169 1428 3218 recen·
1467 3141 1468 3216 l

298 3241 300 3246 '
376 3237 457 3310 tior:
485 3238 694 3341 Numquam
717 3227 875 3318 Misereri
888 3267 1019 3342 semper
1036 3247 1181 3346 sapiens,
1200 3245 1313 3338 docta,
1332 3245 1425 3317 Moe-
1467 3235 1468 3244 ἵ

360 3363 523 3438 -rosoopa
547 3342 622 3434 sit,
648 3367 777 3440 semper
801 3355 836 3420 et
868 3347 1055 3422 necessario
1080 3361 1132 3420 est
1156 3344 1437 3444 Moeroprcpha„

377 3440 450 3554 sive
473 3465 514 3513 ex
538 3441 654 3514 intima
678 3455 714 3514 et
738 3442 938 3544 primigenia
961 3460 1077 3522 natura
1100 3473 1185 3541 sua,
1205 3449 1278 3522 sive
1294 3447 1427 3542 delega-

327 3587 335 3600 κ
379 3551 485 3630 bone,
504 3553 539 3612 et
554 3541 765 3616 institutione
781 3568 854 3616 soa.
970 3542 971 3548 ’

342 3671 344 3678 ⁴
426 3639 489 3713 lv.
513 3638 636 3714 Omnes
652 3641 781 3716 Parcae
799 3643 1015 3724 Etmreorum
1031 3647 1310 3742 Moeropraphac.

424 3737 510 3811 Nam
526 3741 558 3812 si
575 3742 738 3815 Adrastia
754 3769 870 3840 magna
882 3746 1032 3819 Mar-ana
1054 3745 1376 3840 estMoerographa,
1399 3745 1427 3817 si

376 3837 485 3916 Vama
502 3840 657 3940 genitalis
667 3841 924 3938 Moerographa‚
935 3843 964 3912 si
977 3842 1132 3918 Micam
1143 3841 1275 3938 sapiens
1290 3843 1427 3920 Moero·

377 3938 503 4040 grapho
518 3943 635 4038 utique
650 3963 763 4012 omnes
781 3964 916 4036 magnae
932 3941 1058 4014 Parcae
1071 3944 1286 4018 Etruscorum
1297 3947 1429 4023 Moero-

295 4054 297 4062 '
364 4043 539 4141 ‘propheat
556 4041 601 4116 Et
615 4063 717 4141 quum
734 4039 918 4114 Martianus
935 4040 1075 4138 Capella
1092 4045 1298 4120 inEtruscis
1315 4045 1422 4119 Disci-

348 4141 483 4237 ··pl'rnia
499 4140 648 4268 uuditru
665 4141 785 4222 Parcas
800 4138 899 4220 faciat
912 4155 1101 4224 constanter
1113 4147 1247 4224 Sarabos
1259 4145 1420 4237 Deorum,
