2966 5022
350 485 419 536 non
444 453 553 555 capite
578 463 700 524 tuntum
726 462 925 550 emergente·
954 449 990 526 le.
1012 449 1135 524 Thalia
1155 450 1243 548 parit
1259 479 1302 525 ex
1325 449 1446 544 alvo,

351 586 391 634 ex
416 573 535 644 utero,
563 575 628 624 nou
654 576 697 624 ex
721 551 871 624 manibus
896 565 934 622 ut
960 550 1088 623 Mulier
1125 549 1159 622 iu
1184 581 1276 624 vase.
1304 553 1446 651 Atqui

347 657 475 736 Mulier
499 655 534 726 in
562 651 649 726 Vane
674 650 766 749 picta
792 667 843 724 est
868 676 985 749 magua
1015 649 1126 723 Mater
1159 651 1271 724 Idaea
1295 653 1441 726 adbuc

322 757 513 832 ἱθὶιαοειόιι
537 765 572 822 et
597 749 801 842 hemiteles,
829 751 938 824 adbuc
965 751 1094 824 Mundo
1113 749 1248 824 informi
1271 753 1440 824 Chaoti·

346 880 387 928 oo
413 867 447 927 et
471 849 679 950 imperfecto.
708 851 819 948 Caput
843 867 893 924 est
918 853 1035 950 iugens
1063 865 1108 924 ¹et
1133 851 1300 944 immune,
1331 857 1437 952 quia

344 954 493 1052 Spiritus
519 949 582 1024 Dei
609 964 661 1022 est
686 949 844 1024 infinitus:
872 951 999 1027 Manus
1024 951 1134 1024 adhuc
1158 977 1301 1048 parrae,
1328 956 1435 1052 quia

345 1053 520 1131 Potentiae
536 1050 600 1123 etsi
619 1048 766 1122 infinitae
791 1053 912 1124 desunt
923 1052 1139 1124 iustrumenta
1150 1052 1308 1141 actionis,
1324 1077 1437 1150 quae

345 1153 497 1226 iacienda
522 1152 557 1222 in
583 1146 714 1224 Mundo
740 1166 829 1240 snut;
858 1153 967 1224 Mater
985 1167 1036 1224 est
1054 1154 1176 1244 lduea,
1204 1153 1336 1224 scilicet
1365 1167 1434 1224 est

346 1255 474 1342 Mater,
501 1275 588 1350 quae
613 1275 654 1322 cx
679 1266 747 1333 w
773 1277 833 1323 run
858 1278 898 1324 ex
922 1279 1021 1326 manu
1047 1257 1173 1347 piguit,
1202 1266 1237 1324 et
1261 1254 1353 1350 parit
1377 1279 1429 1325 ex

345 1357 505 1442 mambre,
525 1351 605 1450 quie
621 1363 698 1448 eget
722 1351 923 1448 Demiurgis,
952 1366 1028 1450 eget
1053 1351 1307 1438 Conditoribus‚
1326 1369 1424 1448 eget

347 1451 552 1532 Architectis
579 1449 713 1542 Mundi,
742 1452 853 1524 adbuc
878 1451 1043 1524 inconditi
1062 1467 1096 1522 et
1114 1451 1275 1524 chuotioi:
1292 1449 1421 1524 eteo-

345 1579 412 1653 que
437 1551 466 1625 si
492 1551 559 1622 neti
586 1576 627 1622 ex
652 1552 775 1647 Dicitis
813 1553 939 1624 Idaeae
978 1553 1094 1626 matris
1131 1553 1275 1652 Dactyli
1310 1552 1419 1626 Idaei

344 1667 434 1742 suut,
462 1653 616 1754 Hypurpi
642 1651 733 1723 Deae
760 1676 907 1747 maguae,
935 1665 971 1724 ut
996 1652 1148 1749 appellat
1173 1653 1411 1744 Pollux,·uti-
1480 1689 1481 1732 1

344 1765 472 1855 que‘et
497 1754 560 1826 hos
586 1750 778 1824 habebimus
803 1754 923 1824 ldaeos
948 1754 1125 1852 Dactylor.
1154 1763 1156 1770 “
1480 1809 1481 1812 ,

395 1853 461 1926 Ill.
490 1856 550 1924 Dii
574 1851 787 1960 Etruscorum
815 1851 954 1926 Gemelli
980 1861 1015 1924 in
1039 1855 1164 1947 Diqiris
1185 1853 1238 1924 nel
1253 1852 1418 1926 Braclriis

344 1951 801 2148 maiiateioiddimliuiidsffliii
821 2077 883 2124 suo
901 2052 1036 2126 Rceueil
1052 2043 1153 2124 Tum.
1166 2051 1221 2122 ll.
1243 2052 1333 2124 Tab.
1345 2053 1412 2124 ⁴3.

346 2153 456 2230 edidit
481 2153 640 2251 Sigillum
666 2151 856 2242 Etruscum,
877 2179 945 2250 qno
964 2153 1136 2228 exhibetur
1162 2151 1290 2224 Mulier
1307 2153 1420 2224 talari
1479 2241 1480 2246 ἵ

330 2273 378 2338 ¹et
403 2253 564 2335 adstricta
590 2262 682 2322 reste
707 2249 839 2344 induta,
866 2253 995 2352 ingenti
1022 2252 1117 2327 Pileo
1143 2252 1273 2326 Conieo
1296 2269 1418 2347 ceput
1477 2249 1480 2320 f'

344 2369 445 2440 tecte,
472 2351 591 2424 dextro
617 2349 756 2422 bruchio
782 2353 943 2443 demisso,
959 2367 1102 2426 etmauu
1121 2353 1283 2426 adluente
1303 2376 1418 2449 pessa
1477 2378 1478 2382 ¹

346 2469 379 2526 et
403 2465 575 2550 protensa,
595 2447 732 2522 sinistre
759 2453 899 2525 brachio
924 2454 969 2526 ad
993 2454 1149 2549 angulum
1172 2452 1317 2544 elevato,
1345 2476 1414 2526 eu·
1476 2519 1477 2552 Τ

346 2555 399 2629 ius
425 2575 538 2632 munus
563 2561 633 2620 tres
658 2554 864 2649 posteriores
887 2552 1000 2649 Digiti
1025 2567 1101 2624 sunt
1125 2553 1232 2624 iustue
1262 2553 1410 2644 formae,
1476 2555 1478 2598 ἶ

346 2669 381 2730 nt
404 2653 477 2730 dun
500 2653 631 2750 priores
651 2651 766 2750 pollex
790 2668 825 2726 et
849 2648 1047 2726 indecsuut
1072 2653 1174 2750 plane
1196 2653 1343 2750 ingentis
1368 2669 1413 2724 et
1476 2671 1477 2674 ’

344 2756 512 2828 abnormis
538 2750 800 2847 magnitudinis,
827 2752 952 2852 quibus
985 2752 1169 2826 Globulum
1194 2753 1248 2826 rel
1277 2753 1410 2826 Nucem

345 2855 491 2946 stringit.
521 2851 657 2946 Capina¹
673 2877 753 2950 pag.
786 2856 846 2924 57.
878 2856 941 2928 58.
967 2853 1011 2927 de
1036 2879 1127 2928 more
1151 2854 1264 2950 quoad
1295 2852 1411 2950 sigilli

342 2949 532 3030 Artitieium
554 2953 715 3026 nonnulle
740 2953 930 3044 adnotavit,
948 2953 1125 3029 denatura
1155 2978 1236 3025 vero
1261 2954 1410 3026 Hieron-

344 3053 498 3150 gulruatis
524 3053 639 3126 tacuit.
669 3053 941 3130 Montluuoouius
960 3079 1041 3128 uero
1057 3057 1115 3152 qui
1133 3054 1294 3152 Sigillum
1303 3051 1411 3125 'simi-

343 3153 377 3226 le
390 3151 497 3226 edidit
511 3154 544 3224 iu
559 3153 642 3232 Ant..
662 3158 752 3254 eopl.
775 3156 876 3232 Tomi
891 3153 940 3226 ΙΙ.
959 3158 996 3226 2.
1016 3154 1139 3227 Tab.'t
1152 3159 1208 3226 48.
1230 3153 1405 3252 pag‘lilb.

343 3251 459 3326 habuit
485 3251 572 3324 luiso
597 3268 638 3330 ut,
658 3255 867 3330 simulacrum
892 3251 1041 3328 Osiridis
1065 3255 1108 3328 ab
1133 3257 1289 3352 imperite
1304 3251 1408 3326 Soul-

342 3367 449 3450 ptore.
468 3351 643 3450 deceptus,
663 3355 722 3452 qui
741 3357 835 3430 illum
861 3356 1111 3431 abnormitetem
1128 3356 1320 3452 Digitorum
1335 3379 1408 3429 non

343 3455 479 3548 capiens
502 3452 551 3526 ·iu
589 3451 728 3532 formam
761 3456 850 3532 disci
889 3457 944 3530 vel
970 3450 1143 3554 placentne
1167 3460 1300 3551 Dipites
1323 3455 1411 3530 illos

342 3550 594 3628 deformaverat.
624 3551 670 3634 At
695 3555 877 3653 significari
902 3557 968 3630 boo
993 3556 1111 3656 sigillo
1130 3559 1235 3628 Deam
1252 3582 1406 3655 magnam

345 3665 379 3724 et
404 3649 527 3725 elevati
553 3639 642 3740 bran
667 3679 755 3732 cnut
782 3656 913 3734 Thmui
938 3672 1023 3744 etv>
1050 3679 1116 3724 usu
1140 3655 1271 3730 iudicat
1300 3657 1406 3730 mani·

342 3751 428 3824 festo
470 3777 612 3851 mugnus
634 3742 722 3842 bine
747 3781 834 3830 cunr
861 3755 975 3830 Pileus
1000 3773 1084 3843 m)
1109 3779 1200 3826 uer:
1229 3755 1324 3824 Tun*
1348 3783 1406 3831 es·

204 3929 209 3955 x!
346 3875 382 3924 se
407 3851 512 3924 Deum
537 3853 727 3956 Aegyptiae
750 3855 837 3928 Isidi
863 3852 1007 3926 similem
1031 3856 1139 3928 vestis
1161 3853 1317 3931 similiter
1335 3860 1405 3932 ad·

344 3951 459 4026 stricta
484 3965 566 4036 “rin
593 3979 661 4026 nnn
679 3953 839 4028 ostendit:
858 3953 998 4050 eiusque
1015 3951 1134 4028 nomeu
1151 3957 1185 4028 in
1202 3983 1303 4032 manu
1325 3975 1404 4055 pes*

345 4079 385 4127 ra
407 4066 441 4126 et
466 4053 633 4129 adfectato
671 4065 830 4152 protense
855 4067 917 4140 est·
931 4071 971 4150 ’n
996 4081 1034 4130 ru
1059 4073 1129 4140 nur
1153 4083 1214 4132 suu
1245 4059 1403 4132 temrrice

345 4175 407 4244 nu
430 4179 499 4234 rra
516 4179 611 4256 mnu,
629 4179 699 4256 quo
723 4153 854 4232 nerine
878 4153 1011 4234 liberm·
1029 4157 1404 4264 Gsbiricum-appellus-
