2966 5022
60 337 219 432 quidem,
247 349 358 410 cetera
383 335 482 435 plane
508 331 640 425 nodus,
668 347 812 432 quatuor
837 333 976 407 asns'ad
1000 335 1137 415 dorsum

35 440 262 530 instructus,
278 438 445 508 sinistrum
469 460 555 532 genu
581 457 681 530 saper
707 449 873 506 tumentes
897 435 1029 508 fluetus·
1044 434 1137 508 infle-

58 554 171 633 ctens,
200 537 347 612 brachiis·
369 537 488 610 dextro
514 535 558 607 ad
583 535 740 634 angelum
753 535 900 626 elevato,
915 535 1054 606 sinistro
1072 534 1133 606 de-

60 640 187 718 misso:
201 641 385 712 Biancanus
409 652 444 710 ct
469 636 659 710 Schiossius
675 636 897 734 agnoscebant
913 633 948 708 in
967 634 1033 707 hoc
1050 633 1135 706 ado·

60 741 218 816 lescente
243 737 442 811 Mercurium
467 737 627 834 legatum,
656 739 716 810 sed
742 738 843 812 salso.
873 735 959 808 Nam
983 733 1137 822 Etruscis

63 843 182 916 nullus
198 839 392 912 Mercurius
416 838 548 932 legatus
570 838 681 925 Jovis,
702 839 754 911 vel
772 837 912 910 alterius
929 835 995 908 Dei
1010 833 1134 934 Olym·

64 943 167 1038 pici,
195 965 259 1014 nec
284 937 405 1012 Graeci
429 937 484 1011 vel
512 937 622 1010 Latini
648 937 836 1010 Hermetem
861 951 896 1010 ct
934 936 1139 1010 Mercurium

64 1067 159 1116 sunm
185 1039 342 1112 lecerunt
366 1039 608 1135 hexaptercm,
636 1052 671 1110 et
695 1037 882 1112 flectentem
912 1061 999 1138 gena
1035 1059 1137 1136 super

63 1141 210 1216 tumidas
238 1139 356 1213 undas.
818 1143 821 1150 ’

111 1243 148 1314 6.
178 1241 223 1314 ln
249 1241 319 1312 alio
344 1237 477 1311 tandem
503 1236 653 1334 Speculo
677 1236 809 1312 funebri
835 1237 931 1337 qued
956 1235 1067 1313 edidit
1082 1234 1139 1308 ln.

60 1341 253 1438 ghiramins
271 1340 304 1412 iu
323 1339 476 1412 Momm.
505 1339 580 1410 Etr.
609 1337 683 1410 Ser.
703 1337 751 1414 ll.
773 1341 859 1414 Tar.
880 1342 943 1411 90.
963 1335 1137 1436 conspici-

62 1455 118 1514 tur*
143 1442 273 1514 similis
298 1439 529 1528 adolescens,
558 1438 619 1512 sed
644 1451 809 1536 apteras,
849 1439 1004 1538 calyptm
1036 1449 1141 1534 capot

61 1556 196 1632 tectus,
210 1607 212 1612 ,
225 1554 336 1613 cetera
354 1538 476 1628 nudus,
497 1538 635 1611 sinistro
662 1563 750 1636 genu
775 1563 877 1637 super
894 1558 996 1632 mare,
1017 1539 1054 1611 in
1069 1561 1140 1637 qno

61 1645 182 1742 pisces
195 1639 355 1731 lusiam,
374 1639 478 1730 llexo,
498 1638 639 1714 brachio
656 1639 778 1712 dextro
795 1641 840 1712 ad
857 1663 1002 1714 normam
1020 1652 1056 1712 et
1080 1638 1142 1711 de-

62 1746 207 1835 misso,
235 1741 373 1814 brachio
400 1741 536 1814 sinistro
563 1741 609 1814 ad
633 1764 784 1814 normam
805 1740 955 1813 'elevato
988 1738 1141 1838 Ioglaira·

65 1846 160 1922 mins
186 1841 235 1914 nil
260 1837 386 1912 habens
403 1842 509 1914 satius
523 1839 645 1913 Focum
661 1837 756 1930 iecit,
776 1855 815 1912 nt
832 1841 976 1940 saepius,
1015 1853 1050 1913 et
1082 1839 1142 1913 hle

67 1944 200 2016 Fatum
225 1964 389 2030 crescens,
419 1965 537 2038 nempe
562 1965 631 2012 non
656 1939 792 2013 Fatum.

92 2051 97 2058 '
124 2038 173 2113 At
197 2040 280 2112 mihi
306 2055 422 2112 contra
447 2042 514 2112 iste
539 2039 738 2112 adolescens
763 2039 875 2112 elatam
901 2052 935 2109 ct
951 2037 1141 2138 genuflexus

65 2143 105 2214 in
135 2139 288 2220 omnihus
313 2139 392 2212 istis
417 2152 452 2212 et
477 2139 647 2212 similibus
672 2139 751 2211 aliis
777 2139 940 2236 exemplis
958 2151 1009 2210 est
1027 2140 1141 2211 Demi·

65 2267 174 2337 sirpus
211 2240 366 2330 Mundi,
411 2251 464 2310 est
488 2244 622 2332 Artifex
648 2241 767 2312 Mundi
806 2241 917 2314 adhuc
955 2236 1143 2338 imperfecti

69 2353 128 2412 est
153 2341 266 2414 iunior
292 2338 400 2417 Amor
422 2337 515 2412 filins
538 2338 673 2412 Amoris
699 2341 826 2414 Pateici
851 2355 885 2412 et
909 2338 1141 2430 Archaeotati,

69 2465 185 2616 {sueta
201 2438 619 2612 supcri117s5dpspnipsimns
642 2466 723 2540 pag.
754 2443 813 2515 59.
844 2441 905 2516 60.
933 2441 1006 2514 sive
1029 2439 1143 2513 iunior

110 2567 251 2614 acernus
295 2593 303 2612 .
377 2593 387 2613 .
461 2593 469 2610 .
640 2593 644 2603 -
1065 2576 1067 2585 ⁸

127 2643 160 2712 l.
189 2565 315 2732 Primpo,
332 2639 414 2740 quin
430 2641 498 2714 iste·
519 2639 727 2716 Adolescens
744 2639 1022 2741 Hierographiae'
1037 2639 1139 2711 Etru-

69 2763 148 2812 scae
174 2753 226 2814 est
250 2765 358 2840 oeque
378 2741 526 2832 Juvenis,
541 2767 646 2839 aeque
670 2742 793 2835 nudus,
810 2767 917 2842 aeque
940 2741 1011 2814 lere
1037 2739 1140 2838 genai·

66 2840 188 2931 llcxus,
199 2866 303 2939 ecque
316 2842 437 2933 alatus,
453 2867 493 2915 ac
509 2841 704 2918 adolescens
721 2843 911 2941 insculptus
929 2842 963 2916 in
977 2840 1137 2915 ¹Nummis
1185 2933 1187 2940 Α

68 2941 262 3014 Phoeniciis
288 2941 529 3034 Melitensium,
547 2945 612 3040 qni·
634 2943 718 3015 editi
745 2955 823 3016 sunt
848 2946 883 3018 in
908 2946 989 3016 Act.
1016 2943 1133 3016 Aeod.

71 3041 208 3114 Certen.
229 3041 328 3116 Tam.
344 3041 375 3116 Ι.
391 3043 537 3141 peg.35.
558 3043 593 3115 in
609 3043 719 3116 Molte
729 3071 799 3142 par
809 3069 855 3115 uo
867 3049 994 3146 coyap)
1007 3041 1133 3116 FroacL

67 3143 184 3256 etet.
204 3166 285 3259 pap.
311 3145 369 3214 17.
391 3155 425 3257 et
449 3142 545 3234 alibi;
564 3143 739 3241 inquibus
765 3143 915 3260 Numinis
932 3145 1078 3243 aliquem
1094 3167 1136 3216 ex

69 3241 1137 3443 I'll'digdiimiliiseslladlldleastdiinliiilidlnlialdlidrrlluiriiiisplieiddd..

69 3443 159 3514 rinae
186 3441 334 3534 Siculae,
354 3442 527 3541 inquibus
554 3468 631 3518 esse
655 3445 901 3543 agnoscendum
923 3443 1141 3541 Demiurgum

69 3541 191 3618 Mundi
216 3542 280 3616 iam
297 3543 341 3616 ab
358 3569 444 3618 enno
464 3543 563 3616 4830
577 3547 763 3620 monuimus
798 3546 833 3618 in
852 3549 1000 3620 Teutam.
1019 3542 1136 3619 Hercei.

75 3641 234 3715 Genercli
256 3644 368 3734 Praef.
384 3669 466 3743 pag.
482 3644 551 3716 IX.
574 3644 623 3717 X.
649 3646 716 3718 XI.
737 3649 782 3718 Et
807 3649 965 3743 quoniam
989 3643 1142 3718 noetoii'-

71 3756 139 3814 tate
165 3743 542 3833 siveSanclmniatcnis,
564 3747 635 3820 sive
652 3746 809 3822 Philonis
833 3747 939 3820 Biblii
956 3745 1048 3844 apud
1063 3746 1136 3818 Eu·

69 3845 192 3918 sedium
208 3845 485 3944 CaesoraePreep.
502 3844 636 3944 Eonoy.
648 3847 678 3918 l.
700 3873 778 3946 cap.
798 3851 858 3922 tc.
878 3873 959 3946 pag.
982 3847 1160 3917 Menon-²

71 3955 137 4013 scat
162 3944 289 4041 llpoanv
315 3947 386 4020 sive
411 3947 587 4020 &manum
612 3948 842 4047 Protogouum
865 3964 905 4020 et·
917 3945 1135 4046 Demiurgum

73 4037 174 4119 luisse
194 4045 328 4126 indum.-
344 4075 367 4126 a
386 4045 582 4150 Phoeniciis
600 4050 895 4152 Tessampterum,
915 4051 950 4118 el
967 4052 1080 4130 notum
1097 4047 1133 4112 a·
1243 4091 1245 4097 -
