2966 5022
70 427 117 486 ter
139 412 309 486 Chaotios
332 423 385 485 est
409 421 443 480 et
467 407 623 500 initialis,
650 413 787 511 emergit
811 434 927 510 magna
952 429 986 484 et
1010 417 1123 490 adulta

70 534 108 584 ex
131 505 298 584 Pluribus
322 512 501 602 Etruscis,
528 509 704 602 Gahirinis,
721 511 915 610 Aegyptiis,
944 540 1005 586 nee
1032 519 1124 616 ragit

66 613 235 696 infans-in
262 612 356 701 cuuis
380 609 624 709 umquumz'Et
646 611 758 684 Venus
785 613 847 684 illa
872 637 971 708 quam
995 614 1122 690 indicat

64 714 246 786 Pausanias
270 713 304 784 iu
329 713 446 786 Elian.
469 711 567 782 Lihr.
582 711 627 783 V.
655 734 686 782 c.
708 715 765 784 ll.
794 738 832 810 p.
857 712 941 785 ⁴58.
970 729 1020 786 est
1046 715 1122 812 ipsa

64 814 182 886 Venus
208 837 323 909 magna
350 813 457 882 Mater
476 826 516 908 ⁸et
539 809 658 901 nuda,
685 837 751 884 uon
776 811 882 884 iulans
907 824 941 882 et
966 813 1117 910 vagiens.

63 912 111 986 At
138 914 167 983 si
192 913 311 1008 iugens
336 911 398 982 ille
424 911 549 984 Genius
574 925 625 982 est
650 931 739 1002 aaa>
764 937 876 1001 narn,
917 911 946 981 si
984 938 1118 986 neeesse

58 1013 123 1084 fuit
147 1013 180 1082 in
206 1010 455 1110 Hierographin
480 1011 633 1105 Cabirioa
657 1010 801 1108 Raptum
826 1011 1044 1108 Proserpinae
1060 1037 1118 1085 ex·

57 1113 152 1210 primi
177 1112 253 1186 alio
279 1111 380 1182 modo
406 1111 450 1182 ah
474 1110 665 1199 Hellenieo‚
692 1116 722 1182 si
747 1111 880 1202 Puella,
907 1136 1005 1207 quam
1023 1113 1113 1208 rapit

58 1205 177 1284 (lecim
204 1235 322 1284 ornnes
349 1210 554 1282 characteres
579 1209 679 1282 habet
704 1211 920 1307 Proserpinae
944 1213 1110 1304 vestitae,

56 1327 247 1399 coronatae,
270 1311 455 1408 gementis,
482 1310 655 1382 dolentis:
685 1311 715 1381 si
741 1309 869 1382 Genius
892 1309 952 1382 ille
977 1325 1029 1384 est
1052 1336 1113 1386 ue·

55 1414 196 1484 cessario
222 1410 441 1506 Tarturicus,
459 1410 539 1506 quia
552 1407 671 1506 capilli
697 1419 773 1482 'sunt
795 1409 875 1481 hirti
901 1423 934 1482 et
959 1410 1104 1500 horridi,

55 1514 170 1609 utiqua'
192 1513 303 1584 satius
329 1511 503 1599 laciemns,
533 1498 562 1580 si
588 1509 783 1582 elementum
807 1509 954 1582 Cubirici
977 1510 1109 1610 Raptus

55 1609 272 1712 Proserpinae
293 1611 326 1682 ia
352 1611 419 1684 hoc
445 1609 550 1707 Signo
577 1609 721 1684 Etrusco
746 1609 966 1706 agnoscimus.

100 1712 167 1783 Ill.
198 1712 396 1808 Proserpina
422 1713 514 1784 ensal
539 1717 656 1784 eiecta.
988 1737 991 1748 ’
1097 1779 1100 1786 .

99 1811 192 1885 Hebe
218 1810 357 1884 lunonis
382 1825 417 1883 et
441 1809 637 1912 Proserpina
663 1810 794 1885 Cereris
817 1808 882 1882 etsi
899 1811 1049 1912 Mythico
1069 1827 1105 1886 et

51 1908 312 2008 Hieropruphr'oe
337 1913 404 1982 sint
428 1909 593 1982 Personae
618 1909 706 1985 aliae
721 1925 755 1982 et
772 1910 936 1999 diuersae,
967 1913 1104 1986 Tlreulo·
1141 2001 1146 2012 ¹
1226 1921 1229 1934 '

48 2019 122 2106 pice
148 1998 257 2080 mman
272 2025 471 2101 siraconum,
483 2035 528 2081 ax
541 2012 648 2108 Typo
665 2007 970 2098 oodem'deductae,
988 2036 1106 2110 nempe

46 2121 137 2182 sunt¹
156 2109 307 2203 symbola
332 2112 470 2182 Animae
496 2110 743 2204 humanae'sire
760 2107 928 2196 Hominis,
943 2122 978 2181 ct
996 2109 1106 2206 Spon-

44 2229 104 2280 sae
132 2209 307 2308 Demiurgi
333 2223 367 2280 et
392 2209 587 2282 Conditoris
605 2210 731 2286 Mundi
755 2207 866 2280 huius.
894 2201 1057 2306 Adeoque
1074 2211 1106 2284 si

43 2309 75 2380 iu
104 2305 283 2404 Mysteriis
308 2309 487 2382 Eleusiniis
512 2309 611 2384 Liber
634 2325 668 2384 et
691 2311 827 2384 hibera
851 2323 942 2380 eram
973 2305 1099 2406 Sponsi

42 2409 157 2480 adhuc
183 2410 226 2481 ad
252 2431 404 2484 mammas
428 2409 585 2504 Cereris,
611 2413 737 2484 evirato
763 2423 796 2480 et
819 2407 928 2482 eiecto
953 2410 988 2480 in
1014 2405 1102 2506 Ely-v

47 2509 300 2598 sium'Bacaho,
320 2536 459 2594 merome·
477 2510 547 2599 luit·
566 2513 644 2586 oiici
669 2525 702 2582 et
725 2507 812 2608 pelli
838 2507 934 2582 etiam
959 2509 1098 2586 Proscr-

46 2611 178 2706 piuum.
205 2610 301 2680 Etsi
327 2612 546 2704 vernunst,
572 2627 610 2684 ut
633 2609 776 2684 uidimus
798 2659 809 2698 ,
835 2601 1001 2704 plurimos
1027 2631 1099 2682 uum

48 2725 190 2805 raptam,
206 2709 397 2806 probabile<
408 2713 502 2786 mahir
516 2727 576 2786 est·
592 2712 688 2784 etiam
712 2709 804 2794 alios
825 2720 976 2806 putasse,
1003 2703 1099 2803 quod

51 2809 153 2882 eiecta
171 2809 332 2902 luisset,
352 2825 390 2882 ut
415 2814 523 2888 Hebe.
548 2813 669 2886 Fateor
698 2835 771 2882 nou
802 2827 995 2879 succurrere
1018 2803 1100 2903 My·

10 2957 12 2966 .
51 2905 138 2980 thum
162 2906 208 2982 ali
233 2936 319 3000 uem,
346 2937 412 3010 qno
438 2911 476 2986 id
502 2913 625 2986 diserte
650 2910 814 2999 tradatur,
841 2905 1098 2985 sedinuuuteru

53 3024 127 3096 sunt¹
152 2937 272 3108 sigilla
291 3009 528 3110 Proserpinae,
552 3024 601 3086 ‘ut-
623 3009 854 3086 adnotabimus
879 3003 1093 3106 paulopost,

53 3111 169 3203 quibus
194 3133 230 3182 se
255 3137 328 3185 esse
352 3112 487 3187 eiectam
513 3128 612 3211 utque
637 3112 785 3186 exsulem
820 3119 935 3203 aperte
962 3105 1098 3206 signifi-³

53 3221 110 3280 eat.
140 3209 230 3302 Quin
255 3212 335 3282 mihi
361 3226 485 3287 certum
511 3211 835 3310 estuppressionem
851 3219 884 3278 et
902 3204 1096 3286 eiectionem

52 3303 265 3408 Proseipiuae
291 3312 440 3408 Sponsae
464 3315 590 3388 Bacchi
605 3309 779 3408 Demiurgi
797 3319 962 3404 peractam
982 3307 1025 3378 ah
1041 3307 1095 3402 ip·

54 3405 92 3477 ais
131 3409 289 3482 fratribus
311 3409 479 3487 Cabiricis
505 3413 653 3507 exhiheri
687 3412 722 3483 in
758 3407 902 3482 seeundo
937 3405 1095 3480 Dramata
1186 3445 1188 3451 ·

54 3505 156 3580 Cirtae
181 3535 296 3584 aereae
322 3511 553 3586 Praenestinae
579 3509 776 3585 editaeaR.
804 3505 970 3580 Rochette
1000 3501 1090 3578 Tab.

10 3691 11 3696 Ἰ
55 3603 170 3684 LVIII.
200 3634 280 3706 pag.
298 3610 396 3683 Ι335.
427 3609 617 3686 uacuum
635 3613 748 3683 suum
762 3607 806 3680 ud
824 3607 989 3679 sinistram
1007 3605 1092 3704 Spa·
1165 3657 1168 3666 ·

10 3721 11 3732 ¹
56 3711 365 3788 clutorisGolumsa
384 3727 435 3784 est
461 3713 505 3786 ad
530 3715 699 3786 humanum
717 3723 873 3782 staturam
890 3706 1017 3782 elevata
1035 3733 1090 3778 su-

54 3825 107 3898 per
129 3809 407 3908 cuiusllapitulo
432 3815 551 3889 Jonico
577 3829 644 3886 tres
670 3810 756 3882 Coni
781 3797 961 3904 impositi:
1002 3805 1090 3876 Hinc

10 3975 11 3988 2
55 3904 158 3980 Crater
174 3909 344 4008 pedatus,
372 3909 405 3982 in
431 3921 528 4012 quem
554 3939 659 4012 aquae
684 3911 789 3982 llunnt
813 3933 852 3980 ex
878 3908 964 3982 rictu
998 3906 1109 3998 caph·

10 4007 11 4030 ¹
55 4005 91 4075 tia
113 4008 236 4082 Leonis
253 4011 422 4096 horridi:
455 4014 657 4102 Hinnstanl
681 4013 749 4084 duo
774 4005 916 4081 lurcaes
942 3999 1089 4074 Gemelli
1168 4001 1174 4017 ‘

54 4097 115 4180 illis
144 4109 320 4210 simillimi,
336 4099 399 4210 ¹qni
416 4129 506 4190 sunt.
518 4116 553 4188 iu
567 4114 688 4211 rprimo
706 4113 860 4184 Drunute
876 4105 943 4236 iam
959 4098 1086 4174 deseri-⁴
