2976 5032
96 9 153 66 aa·

14 439 16 482 r
78 409 197 497 form
227 406 341 498 fiper-a
366 409 464 472 creet
487 412 524 472 ct
544 396 657 496 giguit
680 394 716 472 iu
740 395 924 500 aspiciente
948 419 1026 508 pen
1063 423 1132 476 nuru

79 507 269 578 molestiam
294 502 446 594 dolorem,
474 513 507 571 et
530 500 616 573 adeo
643 524 662 568 a
687 501 1039 600 contemplandum
1064 522 1136 573 nrm

73 597 1137 800 biiii.''iiiuiii‘iii..iiiiluiibii“iiibiii

860 756 870 794 a
1122 741 1138 756 .

77 805 214 878 -truscis
239 799 413 882 Gebiristis
434 811 473 870 'et
495 799 699 896 potioribus}
726 801 756 872 si
781 799 861 874 inde
884 827 951 874 nou
972 801 1055 893 fuir,
1073 797 1138 872 luis

85 907 243 1002 profecto
268 902 310 973 ab
332 900 417 999 ipsis
438 899 618 990 Etruscis,
646 899 737 998 apud
760 925 846 1000 quos
873 901 1016 1004 Fr'parroc
1053 900 1141 974 isiae

86 1005 241 1078 Petaicee
267 1003 432 1075 solemnes
458 1013 493 1072 ct
515 999 717 1096 frequentes.

135 1104 200 1177 Ill.
228 1105 290 1174 Dii
313 1101 527 1176 Etruscorum
557 1101 706 1176 chauria·
731 1099 871 1176 Gemelli
892 1119 924 1176 et
947 1101 1086 1178 Palaiai.

138 1205 176 1276 ln
202 1202 280 1275 aliis
306 1201 462 1298 speculis
488 1199 681 1272 funebribus
706 1199 921 1274 Etruscorum
956 1201 1050 1304 apud
1082 1199 1138 1274 In·

83 1303 285 1406 gbiremium
301 1301 399 1374 Mon.
419 1301 494 1376 Etr.
514 1299 586 1370 Ser.
607 1297 654 1370 11.
676 1299 760 1373 Ter.
780 1303 841 1374 57.
864 1304 925 1378 59.
945 1315 1010 1377 ecc.
1036 1299 1140 1376 alies-

75 1431 151 1506 que
176 1401 431 1500 conspiciuntur
455 1400 522 1472 duo
547 1397 607 1470 Dii
623 1399 751 1472 Palaia·
769 1397 904 1476 Gemelli
923 1401 1140 1478 messem

71 1521 122 1580 ct
145 1515 359 1579 sesamino
385 1501 630 1597 respicientes,
656 1496 723 1593 Qui
748 1524 820 1572 esec
848 1517 1043 1602 nequeunt,
1070 1501 1138 1576 nisi

82 1609 243 1680 Dioscuri
263 1617 412 1702 potentes
437 1597 684 1674 Samothracum
711 1600 746 1672 in
771 1611 859 1672 stetu
877 1603 985 1678 adbuc
1005 1603 1141 1678 Clsooli·

83 1735 125 1780 co
151 1701 370 1792 considerati,
391 1701 480 1774 utin
505 1713 593 1772 statu
611 1701 709 1772 eciem
727 1697 970 1798 imperfectiores
986 1701 1139 1778 conside-

83 1807 277 1896 rebantur,
304 1803 365 1900 ubi
404 1799 551 1898 expressi
591 1811 682 1870 erant
707 1823 769 1896 per
800 1799 955 1902 Canopos
982 1827 1043 1903 per
1068 1801 1105 1876 ll
1125 1845 1141 1860 -

86 1911 187 1976 drics
203 1927 265 2000 per
283 1900 406 1992 Series,
432 1915 469 1971 ut
495 1897 586 1997 apud
611 1897 791 1972 Romanos.
812 1897 894 1973 vid.
913 1903 1056 2002 Dionys.
1106 1926 1141 1972 a·
1284 1947 1287 1954 ·

85 2005 153 2075 lic.
173 2001 204 2072 1.
225 2001 369 2097 pagblr.
390 1997 621 2096 Lampridium
639 1997 673 2066 in
691 1995 900 2094 Helioqobol.
919 1995 991 2072 cb.
1009 2001 1138 2098 pube:

87 2098 167 2200 per
182 2101 347 2198 Tigillcs,
375 2113 412 2170 ut
437 2099 526 2196 apud
547 2095 715 2186 Lacones,
743 2122 809 2170 uon
835 2099 928 2196 quod
953 2097 1142 2197 Aegyptii,

88 2200 338 2289 Samothraces,
350 2197 635 2287 Latini,Laccnes
651 2199 832 2272 nescissent
846 2223 884 2280 eu¹
903 2213 991 2272 orele
1004 2201 1057 2278 vel
1073 2225 1145 2274 cera

83 2301 232 2400 figuram
258 2293 432 2372 bumenem
458 2319 691 2396 quamcumque
715 2294 884 2396 effingere,
905 2299 996 2397 quod
1021 2297 1147 2376 laoiunt

87 2399 191 2496 pueri
216 2399 328 2472 nostri*
349 2399 592 2496 quinquennes,
609 2395 666 2468 sed
684 2411 720 2466 ut
737 2423 797 2494 per
815 2397 931 2478 scitam
949 2400 1148 2500 allegoriam

87 2499 266 2571 informem
291 2499 385 2570 illum
405 2497 522 2569 Mundi
541 2497 914 2592 statum'signilicarent.
934 2500 1045 2572 Cabiri
1063 2527 1143 2598 pcr-

89 2623 132 2670 ro
163 2596 224 2668 lilii
250 2597 403 2695 praisli
428 2599 557 2670 Poloioi
582 2609 615 2666 et
639 2595 777 2670 Cabirae
802 2600 987 2690 Polaicco,
1016 2601 1142 2698 clipei
1290 2597 1294 2604 ⁴

87 2697 226 2769 Potaici
249 2697 291 2770 in.
309 2697 451 2796 Templo
469 2696 699 2792 Memphitico
726 2698 950 2776 colebantur:
983 2697 1028 2770 Et
1053 2699 1146 2772 dein-

83 2821 173 2893 ceps
200 2797 461 2870 irridebunture
486 2797 637 2878 Cambise
662 2796 775 2890 Persa,
804 2812 841 2872 ut
864 2799 965 2874 relect
990 2799 1145 2874 Herode·
1228 2805 1232 2812 ’

90 2911 146 2968 tus
171 2895 250 2978 Lib.
271 2898 336 2970 Ill.
356 2899 497 2995 capili.
517 2899 632 2993 pall
651 2896 719 2973 Sed
744 2925 841 2995 quae,
861 2900 1007 2998 inquies,
1027 2913 1141 2976 neturu

86 2996 209 3076 ,borum
235 2995 486 3090 Gemellorum,
511 3021 595 3094 quae
620 2997 750 3068 uomina
772 3001 785 3068 l
810 2998 1029 3094 Ingbiramius
1053 2999 1143 3074 Seric

94 3097 161 3168 Cic.
176 3121 255 3194 pag.
277 3098 362 3170 sle.
394 3101 491 3192 545„
506 3097 740 3192 nescioquem
764 3097 969 3172 Duelismum
994 3097 1144 3200 Gecogo-

90 3196 204 3270 uicum
228 3199 263 3268 in
287 3199 355 3268 hoo
379 3197 588 3270 Gemillismo
616 3196 750 3273 Pataico,
764 3199 940 3293 <agnoscit,
960 3199 1028 3277 ,sed
1043 3199 1142 3294 lelso,
1280 3191 1286 3216 ’

90 3295 123 3372 si
149 3295 194 3366 de
220 3298 461 3394 Cacogo‘uismo
488 3295 644 3370 absoluto
668 3296 829 3394 loquitur‘.
858 3297 943 3372 Nem
959 3301 1087 3372 Bonum
1109 3313 1144 3374 et

91 3395 224 3467 Malum
247 3423 308 3470 neo
334 3412 446 3468 mutuo
472 3395 649 3472 adhaerere
674 3412 825 3493 possunt,
843 3423 905 3470 neo
922 3414 1037 3472 mutuo
1063 3403 1145 3472 con‘·

87 3497 225 3588 sistere,
246 3511 279 3568 et
296 3498 353 3568 Dii
381 3497 466 3568 Mali
491 3498 554 3566 uui
579 3511 614 3569 et
638 3495 752 3570 intime
770 3522 844 3570 cum
859 3500 963 3582 Bonis
979 3524 1044 3572 non
1062 3521 1143 3594 con-

91 3597 213 3668 sistunt
238 3621 299 3674 nec
324 3599 520 3671 amicissime
545 3620 581 3676 se
598 3595 797 3692 respiciunt,
816 3611 854 3668 ut
870 3599 995 3675 facium
1015 3597 1147 3676 Gemol-

93 3695 119 3764 li
139 3696 291 3768 Etrusci.
319 3695 482 3796 Adeoque
507 3695 654 3788 dicemus
684 3697 806 3793 potius.
837 3721 910 3770 cum
948 3696 1198 3782 doctissimos

92 3793 283 3896 ¹Scholiaste
309 3795 488 3896 Apollonii
512 3795 644 3880 Rhodii
664 3796 710 3888 ad
725 3797 822 3872 Libr.
843 3796 873 3870 1.
893 3804 929 3872 u.
949 3801 1036 3882 947.
1071 3800 1144 3898 pri·

62 3973 73 3990 ,ἱ
94 3917 181 3966 mum
218 3897 333 3970 horum
358 3897 585 3972 Gemellorum
622 3909 658 3968 ct
693 3895 930 3986 Dioscurorum
958 3898 1142 3974 habendum
1215 3951 1221 3986 ,

78 3992 210 4088 ¹locem
233 4024 309 4070 non.
322 3999 457 4097 quidem
481 3996 690 4070 Hellenicum
706 4049 725 4088 ,ι
744 3995 805 4085 sed
829 3998 1016 4090 Cabiricum
1041 3991 1146 4066 Morti

96 4105 132 4164 et
157 4097 312 4194 Apollini
335 4099 546 4192 similiorem,
563 4109 598 4170 et
621 4095 758 4190 alterum
783 4099 963 4190 Bocchum,
989 4089 1050 4192 qui
1073 4091 1147 4196 ipsi
