2924 5024
44 370 72 438 iu
95 40 369 483 Amatoris
394 363 439 436 do
463 364 602 461 genuina
628 363 777 439 Telluris
801 363 918 456 forma,
944 267 1072 466 iiilua

43 471 109 562 ipsa
132 467 248 562 inepte
266 464 465 540 disseruerat
475 466 633 538 maximas
649 465 743 538 illius
759 465 833 537 aevi
849 463 1070 540 Astrouomus

44 567 245 660 Anaxagoras
270 562 500 638 Clazomenius
524 565 691 656 Periclis,
719 562 905 660 Euripidis,
926 579 960 636 et
984 566 1071 638 alio-

43 691 103 736 ram
126 685 322 760 magnomm
346 661 500 737 Virorum
538 665 763 762 Praeceptor:
801 664 886 735 Data
920 665 1072 738 Telluris

43 779 161 836 nostrae
185 763 322 858 poetici
347 775 381 833 et
404 763 548 836 ridicula
571 764 674 836 lorma
698 765 733 838 iu
757 762 931 836 Phaedone
955 764 1070 836 Plato-

44 865 116 934 nis:
143 863 243 934 Datis
269 859 392 934 lusulis
416 863 606 936 Fortunatis
631 917 641 955 ,
668 875 703 935 et
727 861 899 936 Atlantide
924 861 1075 936 Platonis
1185 939 1187 944 ,

46 962 381 1034 heteroclimaterich:
408 963 497 1058 Dato
524 963 674 1036 Platonis
687 964 843 1053 Tartaro,
870 975 904 1034 et
929 965 1074 1038 omnium

46 1061 224 1156 Animarum
250 1061 423 1134 Tartarica
448 1063 686 1135 circulatione:
713 1063 801 1134 Dato
819 1063 992 1134 Parcarum
1009 1063 1076 1134 Fu·
1180 1095 1181 1098 ¹

53 1186 98 1250 su,
122 1173 155 1231 et
179 1157 393 1258 sphondylis
418 1161 615 1234 Planctariis
639 1164 727 1238 circa
751 1161 872 1248 Fasum
888 1160 1079 1258 impositum

50 1259 187 1330 Ceuibas
211 1257 369 1357 Auauges
394 1260 428 1332 iu
453 1261 622 1336 Tabulato
648 1262 808 1333 Tartari:
852 1260 990 1334 euidens
1027 1275 1079 1334 est

50 1360 114 1455 ipsa
137 1357 287 1430 Platonis
312 1375 419 1433 aetate
443 1360 497 1431 rel
523 1361 694 1451 nemiuem,
720 1357 890 1457 relplaue
914 1359 1078 1456 paucissi-

52 1483 114 1528 mos
137 1484 174 1530 ex
199 1457 419 1560 Philosophis
444 1459 745 1534 Monoeosmisnmm
772 1457 1016 1534 Gaocentricam
1040 1474 1075 1534 et

58 1551 335 1632 Urucodrcmicam
360 1560 527 1658 recepisse
552 1573 586 1632 et
610 1560 780 1657 probasse.

96 1657 127 1725 3.
154 1657 270 1729 Plures
298 1661 470 1732 Ecclesiae
494 1659 700 1732 Christianae
723 1660 838 1731 Patres
862 1656 1002 1732 Latinos
1044 1671 1080 1732 et

55 1752 197 1845 Graecos,
225 1772 261 1830 et
287 1785 401 1834 omues
427 1759 530 1856 Syros
555 1773 668 1856 aperte
684 1757 846 1846 ¹reiecisse
871 1770 905 1828 et
928 1758 1079 1858 respuis-

24 1934 28 1942 Ι
59 1855 199 1926 stisiam
229 1859 519 1958 Cosmoqroplricm
543 1875 656 1929 notum
681 1873 743 1930 est.
908 1899 911 1906 ·
1169 1917 1198 1938 «.

102 1951 134 2024 l.
159 1953 281 2030 Omnes
306 1959 420 2032 Patres
445 1957 641 2048 Christiani,
668 1959 727 2056 qui
753 1955 796 2030 de
820 1953 954 2053 Abyssa
983 1979 1083 2053 aqua·

63 2070 122 2121 ram
143 2057 346 2130 terrestrium
371 2057 720 2148 incommensurabili‚
765 2055 824 2154 qui
861 2057 905 2127 dc
929 2079 1087 2152 aquaram

64 2150 168 2248 abysso
192 2153 448 2254 Hypernrauio,
475 2157 532 2254 qui
557 2157 600 2229 de
625 2156 843 2228 Firmameuto
870 2155 967 2227 Coeli
986 2208 1008 2246 ,‚
1025 2155 1087 2252 qui

63 2247 100 2320 de
120 2251 226 2326 Edeue
250 2255 586 2348 heteroclimaterico,
614 2256 673 2354 qui
690 2254 734 2328 de
751 2255 947 2353 praestantia
964 2251 1083 2326 Orien-

69 2347 104 2418 tis
124 2351 252 2449 loquuti
281 2371 369 2449 saut,
397 2379 570 2454 numquam
595 2355 693 2450 istam
722 2357 1008 2454 Coonoqraphiam
1037 2353 1089 2424 ll·

62 2450 310 2527 rauodromioam
335 2469 369 2532 ot
391 2457 666 2531 Monocosmicam
707 2455 852 2554 probare
876 2469 910 2528 et
933 2452 1083 2550 recipere
1135 2547 1136 2552 Ἰ

64 2561 236 2641 potueruut.
1073 2599 1102 2628 ·.

112 2650 142 2718 5.
167 2649 326 2750 Aliquem
351 2653 522 2729 Ecclesiae
547 2655 751 2730 Christianae
767 2647 1091 2726 PatremsiueGrae-

71 2766 131 2816 cum
153 2749 218 2822 tire
243 2754 400 2827 Latinum
429 2757 717 2854 Cormoqrupltiom
741 2752 929 2828 huiusmodi
945 2749 1091 2824 tenuisse

67 2857 148 2918 certo
170 2851 307 2946 probari
332 2877 398 2926 nou
423 2871 549 2954 potest,
564 2854 730 2954 quidquid
742 2849 1092 2934 Patuuuiusiulllout·
1205 2897 1207 2906 ι

71 2937 227 3023 leucorum
252 2963 289 3023 et
313 2951 493 3026 Calmetum
519 2955 709 3028 obiecisset.

114 3043 146 3155 β.
171 3049 344 3150 Theologi
368 3054 512 3128 Hebraei
537 3057 770 3152 cuiuscumque
794 3052 925 3145 aetatis,
950 3074 993 3124 uc
1016 3051 1095 3149 ipso

77 3143 193 3250 quidem
217 3150 360 3226 Philone
384 3151 606 3230 Alexandrino
632 3155 665 3228 iu
691 3153 843 3252 genuinis
883 3166 919 3225 et
954 3150 1093 3226 sinceris

72 3259 131 3312 aas
152 3245 282 3322 libellis
306 3253 459 3352 excepto,
479 3270 517 3328 ut
533 3256 597 3328 iam
622 3269 712 3326 recte
745 3253 911 3325 Calmetus
928 3262 962 3322 et
977 3249 1093 3323 Mont-

74 3335 212 3419 laueonus
237 3349 555 3449 animadverterant,
587 3355 876 3454 Cooaoqrapltiam
904 3345 1095 3426 huiusmodi

74 3457 227 3538 tamquam
251 3453 446 3548 probarunt.

115 3540 146 3610 7·
174 3545 260 3642 Quin
285 3551 482 3654 Theologos
506 3552 706 3643 Chaldaeos,
733 3551 869 3645 Medos,
888 3547 1093 3648 Aegyptios,
1145 3565 1150 3578 ·

75 3629 190 3748 ludos,
217 3649 288 3722 sive
311 3651 545 3744 Brachmaues,
572 3655 644 3726 sive
668 3653 864 3726 Samarraeos
888 3653 1033 3750 probare
1057 3659 1093 3718 et

77 3741 171 3850 lenem
193 3745 493 3828 Monocaunismnm
526 3751 814 3827 Uranudromicam
854 3748 1094 3849 impossibile:

79 3827 234 3940 Qudquid
259 3874 298 3920 eu
322 3877 386 3925 uua
411 3853 555 3928 alterare
578 3853 699 3929 rocula
723 3851 815 3952 apud
839 3849 1035 3923 Strabonem
1059 3869 1096 3916 a·

77 3925 184 4042 lramve
207 3961 347 4026 veterem
372 3954 575 4055 Scriptorum
598 3955 711 4054 inepte
734 3954 810 4052 quis
827 3963 863 4024 et
879 3963 1098 4047 tamerepos·

83 4045 119 4100 nt
140 4041 297 4142 colligere
319 4065 447 4128 ooatm.
520 4083 522 4090 ’
584 4139 586 4144 s
615 4107 616 4112 =
1077 4071 1079 4080 ’
