2966 5022
407 359 480 433 tet

355 474 520 536 carentena
544 455 661 532 dextra
685 458 866 554 stringens,
894 457 1028 532 sinislra
1046 483 1127 530 veno
1145 456 1344 530 Globulum
1364 485 1428 531 oc-

356 565 484 636 cultare
504 559 700 660 adfectans,
727 558 903 656 adsculpta
928 557 1047 632 femori
1072 558 1134 630 hoc
1159 559 1423 656 inscriptione:

348 683 506 738 enecans
530 684 596 730 aaa
633 683 737 730 sense.
777 685 877 729 cana.
907 659 983 732 Hoc
1021 672 1131 730 autem
1156 659 1343 730 Etruscum
1369 661 1425 730 Si·

348 759 1422 957 ttttlglltt.⁰‡.t⁰lt;..l‘.¹¹·tt.¹ti?t.ill.llll

347 960 459 1034 edidit
481 959 578 1031 Felix
602 959 747 1032 Ciattius
772 960 807 1030 in
833 985 893 1031 sna
919 959 1055 1032 Pernsia
1094 958 1318 1032 Etrusca-l..
1332 987 1420 1058 pag.

219 1141 221 1148 ,
348 1061 435 1135 t3t.
468 1061 658 1134 tsstfihinc
682 1061 817 1132 ineunte
844 1060 940 1134 Saec.
970 1057 1105 1132 XVlll.
1134 1059 1348 1132 Fontaninns
1385 1063 1419 1132 in

350 1163 467 1260 Antip.
497 1160 624 1252 Hortor
650 1185 729 1258 pag.
761 1160 844 1231 tte.
874 1173 945 1234 tum
972 1158 1245 1233 Montluuconius
1271 1160 1309 1232 in
1331 1162 1417 1233 Ant.

349 1263 456 1362 Eepl.
486 1260 548 1331 lll.
579 1262 665 1334 Tab.
695 1261 757 1331 tt.
787 1284 868 1356 pag.
898 1259 961 1333 40.
991 1263 1159 1332 Bonarota
1197 1265 1246 1332 ad
1287 1263 1422 1360 Demp-

355 1382 435 1436 ster.
465 1361 495 1434 l.
525 1361 614 1432 Tab.
643 1363 705 1433 45.
735 1358 862 1432 Garine
886 1359 920 1432 in
946 1358 1040 1432 Mes.
1070 1363 1144 1436 Etr.
1164 1360 1301 1444 lTab.
1330 1363 1417 1432 ttt.

355 1468 419 1536 ll.
449 1487 530 1562 pag.
560 1462 622 1532 115.
651 1461 796 1534 Lanzius
822 1459 1020 1558 Saqqioll.
1051 1461 1138 1534 Tab.
1156 1461 1238 1534 XV.
1268 1461 1305 1530 6.
1338 1485 1417 1559 pag.

281 1655 285 1664 1
355 1561 441 1636 532.
472 1561 731 1659 Vermigliolius
756 1563 872 1634 lseriz.
900 1559 1021 1656 Parap.
1050 1563 1080 1634 Ι.
1111 1561 1197 1632 Tnb.
1226 1562 1256 1632 l.
1285 1587 1326 1656 p.
1355 1562 1416 1632 [ἡ.

208 1714 215 1724 ι
353 1662 502 1735 Ciattius
528 1677 637 1734 autem
662 1663 805 1736 Puerum
830 1662 917 1734 bunc
942 1661 1058 1735 habuit
1081 1662 1253 1734 Baccleum
1272 1663 1421 1735 Graeco-

291 1805 295 1814 ·
352 1790 442 1853 num,
470 1761 514 1835 ad
540 1787 638 1861 quam
663 1761 854 1858 opinionem
880 1761 1043 1836 inclinare
1068 1763 1161 1835 uisos
1187 1776 1239 1832 est
1255 1761 1414 1834 Laenius:

353 1864 484 1936 corius
497 1863 563 1935 l.c.
580 1870 615 1935 e't
628 1861 785 1935 Malleius
799 1862 834 1934 in
852 1861 984 1936 Ossere.
1002 1865 1125 1934 Letten
1146 1861 1210 1932 Ill.
1232 1865 1338 1959 p,218.
1368 1862 1415 1934 la·

355 1965 490 2036 ciebant
520 1964 707 2060 Tcpetem,
745 1963 917 2036 Passeeius
948 1963 1094 2038 incertus
1119 1961 1303 2034 fluctuabat
1328 1965 1413 2034 intee

354 2067 473 2140 lovem
497 2090 637 2160 puerum
657 2118 667 2150 ,
685 2062 851 2154 Genium,
879 2062 1011 2154 Latent
1039 2065 1073 2134 e't
1098 2062 1209 2158 ipsum
1234 2064 1411 2162 Togatam.
1463 2133 1464 2160 ,

355 2163 612 2261 Vermi'gliolius
637 2163 781 2236 Passerii
808 2167 1003 2236 sententiam
1028 2164 1072 2235 de
1105 2163 1190 2262 Jove
1213 2187 1318 2260 puero
1364 2177 1416 2234 te-
1463 2161 1464 2228 l

277 2281 283 2294 ·
358 2290 440 2338 nero
465 2277 499 2334 ct
525 2265 614 2334 tueri
640 2277 692 2334 est
719 2263 821 2339 visus.
850 2262 898 2338 At
925 2289 1038 2336 omnes
1063 2263 1180 2337 salso:
1207 2262 1283 2360 quia
1319 2262 1418 2334 nulla

358 2364 482 2436 adsunt
507 2385 613 2459 aequa
640 2361 801 2459 Symbola
821 2402 843 2455 ,1
858 2363 952 2436 nulla
978 2369 1170 2462 opportuna
1198 2363 1415 2456 testimonia,

358 2462 485 2560 quibus
510 2485 624 2534 eorum
651 2464 767 2558 opinio
794 2463 1012 2536 demonstrari
1039 2463 1092 2536 uel
1118 2463 1252 2536 suaderi
1289 2463 1412 2560 possit.

361 2565 408 2640 At
432 2565 555 2662 primo
568 2561 730 2660 Symbola
755 2564 828 2634 Dei
858 2564 1044 2638 aerumnosi
1083 2580 1157 2638 sunt
1181 2561 1345 2638 ¹Armillac
1382 2579 1414 2636 et

361 2665 484 2757 Bello,
512 2665 634 2764 quibus
659 2662 830 2760 cingitur,
857 2666 935 2762 qnia
960 2671 1160 2737 naeuua'sua
1184 2664 1358 2738 amuletica
1382 2678 1414 2736 et

362 2790 541 2838 auerrunea
576 2764 762 2838 necessario
801 2765 888 2836 mala
925 2780 959 2837 ct
992 2789 1162 2856 aerumnas
1187 2764 1347 2838 indicant.
1375 2769 1410 2837 2.

284 2887 287 2891 ·
363 2866 490 2935 Vultus
514 2863 735 2935 tristissimus.
766 2864 801 2934 3.
831 2865 943 2937 Status
969 2866 1109 2939 iacentis
1133 2881 1167 2940 ct
1193 2866 1350 2961 proiecti.
1376 2867 1411 2937 le.

227 2971 230 2978 ’
362 2963 498 3036 Lemma
522 2963 699 3056 adiectum,
727 2962 821 3063 quod
846 2966 880 3036 in
910 2966 1004 3040 Tent.
1033 2965 1146 3038 Herm.
1175 2967 1250 3040 Etr.
1268 2993 1310 3066 p.
1332 2957 1412 3040 lli.

236 3153 239 3156 Ι
364 3064 538 3138 vertimus:
566 3064 803 3161 Hieroepalma
829 3068 1071 3142 tribulationem
1105 3073 1311 3142 desideratae
1335 3071 1418 3140 nati·

365 3171 474 3237 citatis
501 3171 657 3270 expiatio.
688 3167 773 3246 Nam
799 3193 948 3240 enecans
974 3169 1008 3240 in
1034 3167 1154 3241 eodem
1171 3173 1319 3242 Tantam.
1336 3192 1414 3265 pag.

368 3267 457 3340 l‘29.
479 3265 564 3340 t30.
594 3268 796 3364 explicatum
822 3283 873 3342 est
898 3271 1048 3365 Aqalnm
1074 3271 1293 3371 Symbolicnm
1307 3269 1435 3341 Hiero.

365 3369 568 3468 pleypleicam
594 3395 767 3460 arcanam,
795 3397 861 3442 nac
888 3397 971 3442 nanc
999 3391 1070 3477 pi!
1095 3399 1182 3455 nzuo
1202 3376 1417 3469 pressionem,

253 3468 255 3472 ’
365 3474 605 3562 acquistionem,
634 3471 904 3559 tribulationum,
933 3499 1019 3570 quae
1044 3474 1225 3564 obveniunt
1250 3485 1285 3542 et
1311 3471 1419 3542 oriun-

310 3589 313 3598 ·
364 3580 422 3638 tur
449 3567 498 3638 ob
524 3595 659 3662 sensa,
688 3570 733 3648 ob
759 3555 919 3660 §DJ-mn
942 3597 1084 3642 sun-nse
1102 3575 1327 3642 desideratam
1346 3597 1421 3645 con-

287 3737 290 3744 .
365 3674 516 3765 cupitam
540 3677 777 3764 pancrationem
803 3691 834 3746 et
859 3679 1072 3744 nativitatem.
1103 3668 1203 3740 Unde
1227 3681 1279 3739 est
1308 3695 1422 3742 neccs-

367 3771 477 3840 snritns
502 3784 607 3851 status
619 3778 859 3868 purificationis
872 3786 905 3840 ct
918 3775 1113 3866 expiationis
1126 3795 1213 3838 cana
1224 3784 1301 3857 ης)
1315 3795 1421 3842 nene:

232 3948 236 3952 ,
285 3895 289 3902 ·
370 3867 476 3960 Quam
502 3878 718 3968 expiationem
743 3870 819 3965 ipsa
843 3869 905 3940 bac
930 3893 1013 3942 voce
1038 3894 1125 3940 caea
1150 3887 1227 3962 ηε)
1252 3889 1344 3944 anan
1369 3896 1422 3942 ex-

368 3993 519 4069 pressum
544 3971 671 4042 indicat
695 3969 829 4040 sinistra
853 3969 951 4044 Pueri
975 3997 1103 4062 manas,
1122 3997 1189 4069 qna
1207 3975 1336 4067 eletepit
1349 3989 1421 4061 πῃ)

369 4095 479 4162 anan,
502 4075 666 4169 ‘plebeiam
690 4085 756 4158 m
773 4097 840 4142 nna
857 4071 1050 4166 Symbolum
1063 4059 1260 4168 deictionis,
1274 4093 1341 4160 'm
1358 4063 1428 4144 m

371 4180 540 4250 rotationis
565 4188 630 4262 w,
646 4199 719 4251 rnna
744 4179 961 4274 persecutionis
986 4187 1021 4248 ct
1042 4179 1227 4252 nativitatis
1251 4191 1317 4266 *tt-7
1342 4199 1414 4252 nna,

869 4299 882 4350 Ι
