2976 5032
9 473 10 484 ι
50 423 280 506 aonstderut.
309 425 394 505 Nam
419 437 512 504 nemo
535 421 834 508 horum'baotenus
857 431 1111 508 ¹demonstrarit

48 533 104 606 vel
131 533 365 606 demonstrare
389 534 503 632 potuit
539 533 700 629 Symbola
737 535 829 608 Deae
854 559 927 608 eoae
952 533 1113 629 Symbola

48 634 252 730 Parcarum,
279 631 411 725 Noctis,
438 633 491 704 rei
517 632 746 723 Naumaitatio,
772 647 808 706 et
832 632 1112 706 Fortunarum

34 735 183 806 'fautum
208 731 300 830 quod
324 733 440 805 Frane.
469 731 626 808 Oriotius:
644 733 679 805 in
704 733 843 806 Ambae.
865 733 1106 810 florenum.

31 835 170 904 tenu.
195 857 206 904 :
234 832 383 907 reieetis
420 833 472 904 his
510 832 661 906 omuibus
686 831 903 932 opinionibus
943 829 1112 928 putaverit

47 933 106 1005 his
131 932 279 1016 Rutaieie
303 933 516 1005 Etruseorum
542 933 673 1028 biquae
710 932 860 1006 exbiberi
888 930 1024 1006 Animae
1048 928 1112 1000 hu-

45 1057 174 1120 manae,
187 1055 278 1132 quae
301 1058 342 1104 ex
366 1033 482 1106 Stellis
509 1045 543 1104 et
559 1033 704 1106 Planetia
731 1033 775 1106 ad
799 1031 1006 1106 informanda
1035 1051 1113 1102 eor·

45 1157 132 1231 pora
156 1134 192 1205 in
226 1129 438 1229 generatione
455 1132 682 1210 illabereutur.
703 1131 772 1206 Sed
788 1157 899 1204 errore
915 1134 1016 1228 louge
1032 1153 1109 1226 gru·

44 1236 155 1306 viere.
189 1237 234 1306 t.
262 1231 374 1306 Primo
399 1233 477 1330 quia
503 1233 636 1306 Etrusci
662 1244 700 1304 ut
725 1255 838 1303 omnes
862 1231 985 1304 Gentes
1018 1243 1112 1302 votu-

44 1333 220 1406 atissimae
246 1326 514 1405 Tartaroarohioi
539 1357 604 1405 non
629 1330 868 1404 Uranoarobioi
892 1331 1044 1410 fuerunt,
1071 1341 1110 1400 ut

43 1457 124 1531 pag.
149 1437 187 1506 5.
207 1431 248 1504 6.
270 1447 304 1504 et
320 1431 450 1505 28-33.
474 1433 733 1504 demonstratum
758 1445 821 1521 eet,
837 1430 1041 1531 Animaeque
1065 1428 1110 1502 ad

46 1531 268 1608 informanda
294 1555 438 1630 corpora
462 1551 530 1606 non
545 1557 586 1604 ex
605 1530 737 1620 stellis,
757 1530 819 1604 ead
842 1557 881 1604 er
907 1533 1051 1606 Tartaro
1077 1554 1112 1600 e·

48 1632 186 1726 ductae,
208 1657 251 1702 ex
276 1657 344 1730 quo
370 1632 512 1704 Tartaro
525 1631 691 1729 Virgilius
716 1631 847 1702 Tuaoua
870 1629 1005 1706 Animas
1030 1628 1113 1704 odu-

48 1734 110 1806 eit.
140 1737 182 1807 2.
216 1731 370 1806 Secundo
395 1733 474 1832 quia
490 1732 671 1806 Animabus
696 1731 847 1806 humanis
863 1745 938 1804 ante
953 1733 1110 1806 informa-

43 1831 181 1905 tionem
207 1833 262 1903 vel
287 1833 394 1904 formu¹
416 1833 510 1906 nulla
534 1833 590 1905 rel
616 1857 656 1904 ex
673 1830 858 1928 hypothesi
874 1831 1107 1930 pulcherrim,

44 1945 136 2028 post
162 1930 422 2005 informationem
447 1935 569 2006 decens
588 1945 622 2003 et
639 1929 902 2022 eertarbumana,
922 1958 986 2008 uon
1004 1933 1110 2004 ineer-

45 2045 87 2100 ta
115 2042 153 2098 et
179 2029 322 2124 pataiea.
352 2031 386 2102 3.
416 2033 536 2104 Tertio
561 2031 640 2128 quia
664 2028 847 2102 Animabos
872 2031 906 2102 in
920 2029 1112 2104 Generatim

45 2153 129 2202 nem
156 2131 423 2224 properantibus*
441 2132 496 2204 vel
520 2133 632 2206 nullae
657 2134 764 2220 ulau,
807 2131 860 2204 vel
886 2156 950 2205 uua
971 2143 1049 2220 ‚ut
1074 2154 1112 2204 ex

45 2229 345 2326 praestantissimo
372 2233 526 2304 Dramate
552 2224 826 2333 Eubuxooaua,
853 2228 948 2330 quod
973 2231 1038 2304 iam
1063 2230 1113 2302 in-

45 2330 231 2423 terpretati
257 2355 369 2402 sumus
396 2331 430 2402 in
460 2333 553 2407 Tent.
578 2335 734 2408 Hermen.
767 2331 921 2404 Generali
940 2329 1049 2404 1830.
1068 2355 1106 2428 p.

45 2430 142 2500 252.
174 2429 260 2499 255.
288 2445 441 2504 onustat:
469 2435 546 2530 quia
572 2434 750 2508 Generatio
789 2457 855 2504 nou
879 2431 918 2504 nt
942 2431 1009 2504 uisi
1047 2455 1110 2528 per

48 2544 307 2624 menomenae,
348 2533 418 2603 siva
456 2536 777 2610 alarumdefluxum
802 2547 836 2606 et
865 2531 1107 2626 abolitionem:

47 2651 157 2724 quum
178 2628 340 2723 *unme
366 2630 524 2706 Etruscae
550 2636 616 2709 sint
640 2634 724 2708 duae
760 2631 907 2730 integrae
931 2645 973 2707 ‚et
996 2632 1112 2727 iugen-

46 2742 115 2800 tea.
147 2727 186 2800 lt.
216 2726 371 2822 Quarto,
398 2736 477 2828 quia
504 2737 644 2810 Animae
670 2737 703 2808 in
729 2734 983 2809 Gener-ationem
1016 2727 1110 2801 ‹teta-

48 2826 173 2903 bentea
198 2840 367 2914 nunaunt
390 2833 545 2908 foeminei
570 2861 676 2910 sexus.
692 2837 753 2910 sed
777 2835 924 2923 nullius,
952 2846 989 2906 ut
1013 2828 1110 2904 netto

49 2951 129 3000 sexu
154 2929 333 3022 diatinetae
358 2949 434 3006 sunt
461 2937 496 3008 in
522 2937 624 3010 uitato
642 2939 810 3010 Dramate.
832 2939 867 3007 5.
888 2931 1012 3026 Quinto
1029 2929 1108 3028 quia

51 3026 216 3124 Symbola
240 3032 369 3131 reliqua
397 3049 473 3106 sunt
499 3037 641 3112 absurda
675 3037 855 3134 incongrua
893 3047 927 3106 et
963 3029 1108 3130 inexpli-

52 3127 179 3203 cabilia
203 3131 239 3202 iu
264 3131 329 3204 ista
356 3134 560 3232 Hypotheei.
634 3163 637 3170 ·
972 3181 974 3184 -

93 3227 140 3300 Aa
164 3231 204 3301 -si
228 3231 333 3304 forma
359 3233 491 3306 Pataioa
510 3237 605 3309 'Diis
639 3227 901 3310 Chaotioissseat
936 3233 1105 3334 propriu,
1170 3321 1173 3329 ²

48 3325 160 3421 quidni
192 3329 226 3400 in
249 3331 312 3402 hae
337 3332 485 3406 Etrusca
502 3329 635 3434 Figura*
654 3335 789 3436 Typum
826 3335 1022 3410 foemineum
1053 3335 1106 3406 A·

49 3419 387 3536 morietirohaeotati
413 3431 667 3511 Arahaeotatarn
695 3435 1105 3533 Veneremagnoaeimus,

50 3546 148 3621 tpsam
179 3529 403 3604 Romanorum
432 3533 627 3630 Libitinam,
645 3539 733 3610 ritae
750 3551 785 3612 et
801 3538 926 3612 mortis¹
942 3535 1106 3610 dominam

50 3623 149 3703 adhue
180 3627 320 3705 informe
350 3634 462 3707 Chaon
488 3629 666 3735 agitantem
692 3654 728 3710 et
748 3649 948 3728 moventem,
972 3651 1006 3708 et
1022 3652 1106 3708 tem-

50 3744 167 3818 porum,
190 3729 289 3803 initia
304 3747 496 3828 ponentem3'
515 3737 604 3809 unde
619 3738 698 3810 rita
723 3751 762 3809 et.
780 3763 871 3816 mous
890 3761 984 3823 mora
1001 3750 1036 3810 et
1052 3736 1107 3816 ti-

50 3833 80 3892 ta
101 3845 268 3927 perpetuo
294 3857 394 3904 cursu
413 3849 447 3906 et
462 3822 605 3932 perenni·
617 3853 709 3912 motu
726 3841 943 3912 recurrerent?
961 3837 1005 3910 Et
1021 3861 1103 3936 pro-

49 3918 131 4002 fecto
151 3929 188 4000 Ξἐἰ
204 3930 328 4016 ¹forma
343 3933 434 4006 Deae
452 3935 598 4028 Pataiea,
617 3952 655 4010 ut
671 3937 772 4014 modo
794 3937 986 4014 dioebamus
1013 3939 1107 4008 eua-

51 4042 243 4106 coartatum
268 4032 438 4110 informem
467 4036 670 4132 significant,
698 4037 777 4112 alae*
796 4061 902 4128 ternu
934 4058 1035 4111 annu¹
1052 4029 1105 4124 iu·

55 4138 166 4217 gentes
189 4144 225 4206 et
247 4136 342 4233 quasi
370 4133 610 4234 quadruplices
626 4138 815 4240 Spiritum,
829 4137 973 4210 animum
988 4141 1107 4232 potun-
