2966 5022
417 341 468 414 90

322 466 324 472 ’
359 446 542 539 Annorum,
567 463 629 542 per
653 467 739 544 qnos
755 439 970 518 calamitates
995 459 1028 518 et
1053 467 1167 520 eornm
1183 445 1347 520 Remedia
1369 473 1427 523 re-

359 547 498 636 dirent,
525 545 640 642 utique
669 543 766 616 Clavi
781 542 906 616 similes
923 545 1055 619 fuerunt
1072 547 1166 618 infixi
1185 549 1314 644 templo
1328 549 1426 620 Nor-

357 655 423 725 tiae
448 644 682 718 Volsiniensis:
711 656 746 716 et
771 643 926 741 quoniam
944 646 979 718 bi
1002 649 1097 734 Claui
1113 648 1275 720 Periodiot
1295 663 1330 721 et
1349 649 1423 746 Cy-

356 747 434 824 clici
459 744 574 824 intime
597 744 775 816 cohaerent
814 769 888 816 eum
926 745 1157 844 Chronologia
1197 747 1417 824 Etruscorum

355 841 543 934 Periodica,
553 844 817 918 cuiuselementa
833 847 1047 944 exposuimus
1058 847 1098 936 u'n
1112 847 1273 920 'Tantam
1289 843 1410 921 Herm.

352 953 426 1027 Etr.
456 969 536 1042 pag.
563 945 694 1016 tat-st.
723 956 856 1018 etcum
882 945 1065 1020 Elementis
1091 949 1229 1020 Panthei
1257 947 1412 1042 Etrusci,

350 1077 435 1152 quae
459 1043 560 1116 modo
586 1043 794 1144 exponimus,
821 1045 901 1120 iden
914 1045 1147 1120 affirmavimus
1161 1073 1285 1120 murem
1314 1049 1417 1122 Claui
1471 1107 1472 1118 ,

351 1144 476 1253 figendi
500 1163 582 1220 osae·
598 1146 786 1234 Etruscum,
813 1159 848 1218 et
871 1145 1025 1222 Nortiom
1041 1147 1214 1222 Etruscam
1237 1173 1315 1220 esse
1340 1151 1412 1221 ori·
1471 1189 1472 1242 ς

351 1251 496 1352 ginalem
520 1247 624 1318 Deam
654 1248 909 1342 Claviponpom.
939 1247 984 1320 Et
1015 1249 1169 1346 proiecto
1208 1248 1305 1322 dolet
1330 1241 1412 1320 'tum
1471 1265 1472 1268 ’

349 1351 482 1428 Livium
507 1347 577 1438 bic,
605 1361 676 1418 tum
699 1345 833 1443 Festum
858 1347 893 1420 in
915 1348 1053 1439 Clavus,
1079 1349 1218 1434 confuse
1236 1347 1405 1446 negligen-
1471 1385 1472 1410 a

348 1451 401 1527 tbr
425 1465 459 1524 et
484 1446 571 1519 falso
597 1446 641 1520 de
666 1445 732 1518 boc
757 1469 849 1521 more
865 1450 988 1546 egisse,
1006 1467 1041 1520 et
1058 1450 1271 1523 occasionem
1294 1446 1409 1520 dedis-

350 1561 392 1627 se'
404 1545 648 1626 recentioribus
666 1540 895 1642 scriptoribus
920 1549 1075 1647 plurimis
1101 1547 1322 1647 praedicandi
1340 1573 1409 1620 mo·

350 1669 430 1728 rem¹
446 1647 709 1744 receptissimum
733 1647 826 1741 apud
849 1647 989 1722 Veteres
1007 1643 1326 1740 suissenumerandi
1344 1672 1411 1718 om-

350 1781 410 1831 nes
434 1767 468 1825 et
493 1748 646 1847 singulos
671 1760 774 1818 annos
800 1747 930 1822 Civiles
955 1749 1027 1823 sive
1053 1751 1189 1825 Salaros
1216 1736 1414 1822 siveLnnass

350 1881 405 1928 res
430 1878 492 1953 per
523 1851 648 1922 Clavus
671 1862 707 1920 et
729 1846 879 1924 Paaillos
903 1850 1089 1947 parietibus
1114 1842 1341 1947 'romptorum'
1363 1849 1413 1916 in·

351 1957 450 2029 fisos.
479 1950 566 2050 Nam
590 1949 655 2024 bic‘
671 1974 743 2022 mos
764 1964 820 2024 est
856 1949 1033 2024 intrinsece
1057 1950 1249 2042 absurdus,
1277 1961 1326 2020 et·
1350 1971 1412 2021 nun

240 2147 242 2154 y
352 2055 467 2156 potuit
492 2050 581 2151 apud
606 2057 844 2148 quamcumque
875 2050 1016 2126 Gentem
1055 2051 1214 2126 obtineri.
1252 2049 1291 2120 Si
1308 2139 1311 2144 Ι
1330 2047 1413 2120 enim

357 2159 454 2232 Claui
477 2165 553 2226 sunt
577 2151 671 2246 pa'rvi
697 2167 732 2223 et
755 2150 912 2248 proximi,
928 2150 973 2224 ad
998 2152 1105 2228 levem
1129 2149 1317 2226 distantiam
1344 2173 1411 2220 non
1471 2191 1472 2230 ᾗ

353 2258 614 2351 distinguuntur,
629 2274 780 2324 numerus
794 2275 858 2324 non
884 2264 998 2348 potest
1024 2247 1165 2352 colligi,
1178 2265 1213 2322 et
1228 2246 1318 2344 brevi
1334 2271 1413 2316 ero-
1470 2243 1472 2284 ³

234 2395 237 2403 .
353 2358 384 2429 si
409 2353 613 2428 dilabuntur:
629 2349 659 2419 si
684 2350 794 2450 magni
808 2366 842 2424 et
855 2351 1015 2430 distuut'es
1033 2353 1159 2450 ingenti
1174 2349 1283 2448 spatio
1297 2359 1409 2444 egent,
1467 2293 1472 2404 i

353 2471 388 2529 et
412 2453 472 2527 ubi
498 2461 706 2522 numerantur
731 2451 868 2547 triginta
894 2453 948 2526 vel
974 2453 1195 2552 qnadraginta
1229 2447 1320 2538 anni,
1348 2446 1414 2518 iam
1469 2470 1470 2538 t

259 2593 263 2600 ·
354 2557 472 2630 silvam
486 2545 643 2625 'efficium
660 2564 694 2622 et
710 2553 872 2648 parietem
888 2566 1002 2628 totum¹
1015 2555 1212 2628 inumbrant.
1239 2551 1328 2622 Tum
1352 2572 1415 2644 po·
1469 2541 1470 2604 Ῠ

355 2671 485 2732 teratne
510 2655 627 2728 deesse
651 2649 792 2722 frustum
817 2654 981 2728 Carbonis
1019 2655 1073 2728 vel
1100 2653 1212 2751 Gypsi
1235 2645 1412 2722 Pontifici·
1468 2665 1470 2742 ’ζ

277 2812 282 2822 .
351 2757 429 2852 bus,
457 2751 707 2841 Sacerdotibus,
735 2750 1002 2847 magistratibus,
1022 2770 1060 2828 ut
1083 2781 1145 2853 per
1161 2752 1279 2844 ‚claras
1303 2749 1409 2820 lineas
1469 2743 1470 2756 ¹

353 2885 457 2931 annos
483 2881 561 2927 suos
586 2852 765 2950 signarent,
791 2855 852 2950 qui
876 2881 1044 2950 numerum
1069 2859 1255 2956 digitorum
1272 2845 1413 2925 excede·

352 2973 429 3030 rent
447 2960 461 3028 i
487 2951 576 3048 Quin
601 2977 653 3025 eo.
667 2951 877 3028 vehementer
900 2981 1075 3056 peccamus
1091 2955 1186 3060 qnod
1202 2953 1336 3049 saepius
1354 2948 1415 3020 Pa-

355 3065 425 3128 tres
450 3051 585 3131 nostros
609 3054 712 3150 longe
736 3057 905 3148 rudiores,
932 3083 1031 3156 quam
1044 3073 1170 3136 ‘revera
1194 3055 1327 3130 sumunt
1351 3047 1412 3120 fin-

313 3189 317 3202 ·
355 3157 466 3254 gimus
490 3173 532 3240 et
547 3157 796 3232 calumniamur.
823 3155 871 3232 Aa
896 3171 1012 3234 contra
1037 3163 1069 3238 si
1098 3163 1218 3236 Clonus
1242 3153 1412 3245 Annales,

256 3348 260 3364 Ι
352 3253 545 3359 de'quibns
570 3259 743 3332 Historiae
767 3273 899 3334 veteres
923 3261 1015 3360 apud
1039 3262 1200 3342 Etruscos
1226 3270 1261 3329 et
1285 3253 1412 3324 Roma-

347 3377 417 3432 ·nos
442 3361 672 3458 loquebantur·
690 3360 735 3432 de
759 3361 867 3435 Anatis
887 3360 1031 3461 ,Meque
1047 3361 1198 3461 Cyclicis
1224 3352 1414 3432 Periodicis

354 3460 652 3562 intelligimus
680 3465 806 3537 Clavus
830 3461 980 3538 dicemus
1003 3462 1242 3562 Apotrnpaeos
1264 3469 1299 3532 et
1312 3454 1411 3532 Moe-

352 3577 586 3661 rotropaeos,
629 3577 701 3639 trun
741 3589 867 3637 morem
884 3564 1096 3653 ‚laudabilem
1137 3558 1334 3636 rationalem
1375 3567 1412 3626 ct

352 3662 472 3752 utilem
503 3661 716 3738 inveniemus
740 3679 775 3737 et
799 3665 960 3738 dicemus.
990 3663 1075 3735 Nam
1089 3663 1132 3740 ,si
1160 3656 1316 3760 ponimus
1350 3679 1413 3752 per

356 3763 483 3835 saeculi
507 3767 657 3864 spatium·
678 3782 748 3838 tres
772 3765 827 3837 uei
854 3775 996 3857 quatuor
1021 3761 1146 3838 Clavus
1172 3761 1415 3849 Moerotropos

319 3861 324 3870 ’
355 3864 471 3962 fixos,
489 3876 559 3940 tum
585 3861 685 3941 etiam
707 3877 787 3964 post
812 3864 946 3932 Sestum
972 3859 1130 3933 Civitatis
1148 3872 1182 3931 et
1199 3853 1301 3928 Urbis
1333 3859 1411 3928 'sae-

350 3966 467 4043 'cu'ludt
490 3962 589 4053 facila
608 3967 797 4068 poterimus
822 3973 856 4030 et
881 3958 1068 4033 discernere
1106 3973 1141 4032 et
1178 3979 1349 4032 numerare
1374 3955 1408 4028 in

308 4163 309 4166 ,
343 4067 478 4176 pariete
504 4067 564 4146 ts.
592 4067 647 4148 rel
671 4067 734 4148 ut.
768 4063 887 4141 Cianos
912 4061 983 4136 sire
1007 4057 1172 4138 Periodos
1214 4056 1408 4138 Moerotro·
1469 4069 1470 4098 ³
