2924 5024
55 436 120 488 ram
145 407 440 492 animadvertemus
465 397 559 486 Libe.
588 407 653 486 ΙΙΙ.
673 411 773 488 seca
801 411 838 488 2.
860 429 893 488 et
910 413 1003 490 Libe
1025 411 1087 494 Vl.

55 517 211 586 Sectrls.
241 515 484 612 llinc.snepins
508 515 594 586 intre
620 515 783 586 binarium
808 515 950 590 clausus:
979 515 1027 589 Ita
1054 527 1092 590 ut

52 615 138 686 Dens
161 613 325 687 Miserum
350 627 384 683 ct
409 613 603 686 Genitornm
627 613 829 686 eit'hahltus
853 615 990 711 Spiritus
1030 617 1092 689 ille

51 711 189 786 Divinus
211 715 446 784 Claocrctitus
471 713 579 798 omnia
604 739 645 784 ex
674 715 768 812 Chao
793 713 929 810 gignens
950 729 983 786 et
1008 717 1089 811 pro·

52 811 190 894 ducenos,
214 815 279 884 und
296 811 459 894 Genitalis
477 826 511 880 et
528 811 679 909 Legiler,
698 815 763 883 und
779 811 962 888 foecundus
980 829 1014 884 ct
1038 815 1089 894 la<
1178 817 1180 822 ’

36 913 152 983 talis:
181 910 293 986 Etcn
317 911 391 982 Ileo
416 912 617 1006 ldcpcpceo,
636 911 945 1010 Spcrmntcponiro,
972 909 1086 983 Demi·¹
1114 904 1134 925 '⁸

53 1035 130 1106 ungo
155 1008 293 1099 Mundi,
321 1023 354 1078 ct
380 1008 588 1080 Mortuerum
613 1009 700 1107 Regi
727 1051 738 1102 ,
774 1025 810 1080 et
834 1009 936 1082 loturi
962 1012 1091 1098 saeculi¹

53 1109 206 1197 Domino,
234 1121 273 1178 ut
296 1107 444 1180 dicemus
469 1109 587 1180 iterum
611 1109 732 1182 alibi..
770 1191 773 1198 ,
855 1182 869 1206 Ι,
942 1183 944 1188 ,

99 1211 133 1278 5.
159 1209 315 1280 Pantheo
339 1205 482 1296 Pcc‘ticc,
509 1207 677 1306 Mythicu,
697 1221 730 1278 et
751 1199 1036 1282 Comoclrroni'ca:
1053 1222 1089 1280 nt

53 1331 86 1378 ca
110 1321 198 1392 sunt,
227 1305 416 1402 dequibus
441 1306 567 1401 agimus
592 1309 626 1404 in
652 1309 801 1404 sequenti
825 1307 984 1380 Sectinner

96 1407 130 1476 6.
157 1406 310 1476 Pantlzca
336 1401 521 1492 Ascctica',
551 1407 803 1504 Plailosopluica,
835 1407 1087 1497 Tetracosmica,

56 1491 131 1576 Nam
156 1501 301 1578 Ascctce
318 1503 467 1600 plurimi,
488 1504 669 1602 Theologi,
686 1502 840 1576 Naciraci
853 1505 981 1603 plnres,
1009 1506 1090 1577 San-

25 1630 28 1640 ’
57 1605 114 1674 etis
136 1604 211 1674 uuis
238 1602 415 1701 exceptis,
443 1603 501 1698 qui
526 1603 657 1690 divinae
681 1601 889 1680 Revelationi
914 1605 1092 1698 accuratim

59 1703 131 1774 sime
154 1703 346 1790 adhaerent,
365 1715 441 1786 ‚tre's
458 1699 843 1801 Archansicp'ep'acar,
863 1703 975 1776 addite
993 1729 1092 1800 quar·

62 1794 91 1870 ll
115 1800 234 1900 Hyticc
261 1803 296 1872 in
325 1800 560 1874 Tetracosmum
587 1803 908 1874 Emonatlonisticcm
936 1801 1095 1874 transscr-

63 1915 170 1971 mant:
198 1900 244 1972 Et
271 1899 396 1996 fingunt
420 1900 527 1998 primo
554 1901 713 1972 Mundum
738 1901 1090 1996 exsuperantissimum,

62 2021 121 2093 quo
144 2001 235 2071 Dens
262 2000 387 2095 primus
412 1999 510 2096 plane
537 2024 713 2084 αγνωστος
737 2013 856 2090 manet,
875 2014 907 2070 et
923 1999 991 2094 ipsi
1015 1999 1091 2070 Pla-.-

55 2099 116 2168 toni
152 2099 334 2170 minoribus
368 2098 506 2169 Entibus
541 2099 883 2190 incommunicabilis,
920 2113 954 2190 et
987 2100 1084 2192 etiam
1162 2109 1165 2120 '

61 2196 361 2292 imperscrutabilis.
390 2201 427 2270 2.
455 2199 601 2270 Mundus
619 2201 831 2296 lrtrpcqaea's,
850 2197 1090 2294 intelligibilis,

60 2294 200 2388 llcarns,
229 2295 329 2369 sedes
353 2297 417 2368 Dei
443 2297 594 2386 secundi,
620 2300 685 2370 Dei
710 2298 790 2384 lilii,
816 2297 880 2368 Dei
904 2297 1086 2384 Creatoris,

59 2408 88 2466 et
108 2395 308 2484 lormatorisr
339 2394 373 2465 3.
402 2399 548 2470 Mundus
576 2396 816 2485 Generatioais,
845 2400 997 2484 etritec·
1020 2396 1090 2468 ani·
1123 2431 1127 2441 a

58 2494 153 2587 malis,
168 2495 315 2568 Mundus
331 2496 465 2596 Pltyeis,
481 2495 643 2587 Naturae,
659 2497 778 2584 fluxus,
803 2497 919 2589 lluens,
940 2509 1086 2582 currens,

59 2604 87 2662 ct
108 2619 169 2690 quc
192 2595 314 2670 tertius
338 2597 442 2686 Deus,
470 2609 507 2666 ut
532 2597 655 2670 Anima
680 2612 713 2666 et
737 2595 874 2691 Spiritus
899 2607 1017 2666 manet.
1045 2597 1084 2662 lt.

58 2689 184 2781 Quartus
206 2693 340 2766 tandem
364 2690 499 2794 llylicae
523 2694 684 2782 informis,
712 2694 914 2782 Tartaricus,
940 2718 991 2764 cx
1016 2717 1084 2786 quo

58 2789 187 2865 Mundus
209 2787 270 2866 ¹hic
294 2795 400 2866 lluxus
426 2793 601 2886 educitur,
629 2797 720 2878 etin
745 2818 839 2890 quem
870 2793 1084 2891 corruptione

59 2889 136 2962 redit
157 2907 189 2966 et
213 2896 366 2966 recurrit.
621 2953 624 2960 .
1000 2889 1004 2895 ’

103 2993 134 3060 7.
160 2993 309 3074 Penthea
334 2995 519 3066 Doalr'sticn
543 3007 576 3064 'ct
605 2993 814 3068 Tmcosmica'.
856 2989 994 3064 Scilicet
1027 2991 1087 3064 alii

59 3087 159 3182 plnres
183 3095 325 3181 Ascatac
351 3108 384 3163 ct
409 3093 575 3190 Theologi
601 3107 722 3185 erunt,
763 3107 800 3163 nt
823 3089 983 3188 Aegyptii
1012 3091 1084 3187 Ty·-
1119 3125 1122 3132 ·

59 3185 175 3280 phonii,
203 3192 300 3264 Medi
325 3187 506 3264 Ahrimanii
527 3246 552 3284 ,¹
575 3191 774 3282 Manichaei,
800 3204 865 3262 etc.
894 3191 1087 3288 quiDeum

63 3283 129 3380 Opt.
152 3285 256 3382 Mam.
279 3291 319 3384 in
344 3317 496 3387 supremo
523 3291 652 3366 Mundo
678 3291 878 3378 collocato,
904 3305 938 3376 et
956 3289 1084 3386 Mundo

59 3381 166 3479 Hylico
191 3390 429 3463 in'Tartarnm
455 3389 642 3486 depresso,
670 3389 810 3462 medium
841 3389 1002 3462 Mundum
1027 3388 1087 3482 hu·
1158 3479 1159 3482 Ἴ
1253 3460 1284 3486 ἴ.

59 3504 166 3558 manum
192 3490 288 3586 quasi
313 3491 398 3562 inter
423 3491 491 3564 duc
519 3490 684 3560 Tabulata
709 3501 863 3586 ponunt3
894 3489 937 3560 Et
962 3489 1085 3572 utrius»
1118 3508 1120 3512 ’

58 3605 111 3674 quc
133 3587 251 3660 Mundi
292 3589 423 3665 adversi
449 3589 638 3686 Principem
680 3589 714 3671 in
742 3590 902 3664 Mundum
944 3591 1085 3664 medium

59 3679 283 3784 Demiurgicam
309 3715 400 3760 snam
424 3690 489 3760 vim
514 3713 665 3760 exercere
690 3688 824 3772 docent.
1054 3761 1060 3784 ,Ι

51 3785 74 3857 J
98 3784 130 3852 8.
156 3785 303 3860 Pantluta
328 3789 571 3862 Munoccsmicn
603 3803 638 3874 et
667 3785 955 3862 Uranodramica:
996 3787 1082 3880 Quin

61 3881 174 3956 tandem
198 3901 292 3959 erunt
316 3888 376 3962 alii
401 3888 460 3986 qui
485 3913 581 3960 unum
605 3888 711 3960 Deum
736 3904 769 3960 et
794 3915 891 3962 unum
923 3885 1084 3960 Mundum

61 3978 207 4074 volentes,
227 3999 260 4056 et
277 3989 472 4060 creationem
498 4012 537 4058 ex
563 3988 670 4060 nihilo
694 3994 759 4064 non
778 3991 946 4086 capientes
969 3987 1084 4058 absur-

62 4071 124 4152 dum
150 4083 427 4164 Ccsmctltcismum
450 4087 607 4162 inducent
632 4089 740 4162 Deum
765 4087 907 4178 Mundo,
935 4101 969 4160 et
986 4086 1084 4160 Mun-
