2976 5032
35 362 96 494 lo,
123 404 219 478 nella
246 401 406 476 relatione
431 397 550 472 intima
569 421 644 471 cum
662 394 728 468 illo
745 303 1097 496 hypereosmico2lleo

36 529 106 575 sese
131 505 308 578 devinctos
331 515 363 574 et
386 502 729 597 sociatosrputusse:
759 499 819 572 sed
844 527 918 574 eum
935 502 1101 578 habuisse.

36 606 131 700 quasi
159 605 337 702 Ain-Sept
362 601 604 674 Cubalistarum
631 598 868 690 Hebraeorum,
896 604 993 700 quusi
1019 605 1092 705 By-

36 709 114 776 tlron
139 719 175 776 et
199 705 298 802 Siqen
321 702 571 786 Gnosticorum,
590 723 651 770 uec
668 699 959 790 nominenominee
984 705 1093 776 nostri·¹

34 801 194 896 nundum,
224 821 256 876 et
280 803 419 877 fortasse
443 827 504 874 nee
523 799 714 887 colendum3
734 798 884 898 adeoque
910 827 983 876 sose
998 817 1092 876 totos

38 903 74 973 in
99 905 194 975 huius
222 903 344 976 Mundi
365 905 562 998 Chaoqeniti
578 900 769 972 oeconomio
787 900 882 997 quusi
907 903 1094 978 carceribus

38 1005 257 1096 continuisse,
286 1019 321 1076 et
346 1001 550 1100 conclusisse
576 999 751 1074 dicendum
776 1015 850 1073 est:
871 999 971 1092 Quod
995 1004 1094 1077 mini·

36 1107 224 1196 memirnm
253 1131 294 1176 es
319 1103 532 1200 dogmatibus
559 1099 726 1172 Veterum:
743 1099 839 1176 ,Nem
874 1102 943 1198 ipsi
970 1105 1094 1178 Poetae

28 1205 308 1300 praestantissimi
334 1203 519 1302 Virgilius,
543 1215 577 1274 et
603 1199 743 1288 Statius,
772 1227 912 1297 quorum
938 1203 1014 1278 locs
1041 1205 1097 1276 in-

30 1304 219 1378 dicabimus
243 1304 364 1404 psullo
389 1317 498 1401 post,
527 1300 716 1376 eorumdem
742 1301 919 1375 Hominum
944 1305 1094 1378 rivorum

31 1405 78 1474 rel
104 1421 317 1478 mortuorum
345 1402 570 1476 oeconomiam
595 1402 694 1500 plene
712 1400 888 1476 seiunctam
907 1417 942 1476 et
959 1429 1095 1504 separa-

29 1517 90 1576 tam
116 1508 323 1598 uoluerunt,
350 1505 508 1602 Deosque
533 1501 792 1576 Zontoernlcres
815 1528 837 1575 a
862 1504 938 1576 Diis
965 1505 1093 1578 Neero‘-

27 1607 156 1679 eraticis
181 1608 323 1704 penitus
348 1604 619 1678 discriminuront
645 1617 679 1676 ct
701 1603 943 1678 distinxerunt.

80 1707 127 1778 ll.
158 1709 327 1794 Secundo,
355 1712 435 1808 quin
459 1707 519 1776 Dii
538 1710 716 1804 praecipui
740 1705 955 1780 Etruseorum
983 1731 1096 1778 omnes

31 1807 204 1898 Chthonii,
232 1808 355 1908 Elysii,
380 1807 559 1895 Tartarici,
573 1821 609 1878 nt
628 1807 687 1874 Dii
700 1813 813 1898 mapni
830 1809 974 1899 aliorum
993 1812 1094 1878 etiam

28 1905 221 1977 Gentium:

79 2007 116 2073 l.
139 2003 227 2074 Num
242 2004 353 2077 Venus
371 2005 525 2078 Libitina
543 2003 725 2091 Clttlronia,
752 1999 952 2100 Proserpina
971 2005 1098 2078 ensto-

23 2110 114 2193 nia,
146 2094 305 2175 Dioscuri
337 2105 501 2190 Clztlronii,
530 2105 567 2172 nt
593 2103 686 2196 pnt'et
711 2102 811 2172 elium
837 2128 877 2174 ex
904 2103 1097 2200 Sureopha·

23 2203 103 2300 pleis
123 2217 160 2276 et
179 2203 348 2301 sepulcris
366 2203 524 2274 Romanis
541 2219 574 2273 et
592 2201 741 2293 Graecis3
761 2201 949 2296 Mercurius
973 2203 1095 2274 Clnlto-

23 2311 129 2394 nins,
159 2305 316 2376 Bacchus
346 2304 539 2398 Clttlzoniuo.
569 2303 653 2372 Tum
679 2303 708 2374 si
733 2303 878 2400 Speculo
899 2302 1097 2395 lunelnia,
1212 2317 1214 2322 '

23 2403 209 2474 Delunetis
236 2405 414 2492 destinata,
442 2401 578 2472 mortuis
605 2428 709 2491 saera,
738 2403 825 2474 siin
851 2402 1097 2476 Defunctoruur

22 2505 257 2575 adiumentum
283 2519 316 2574 et
334 2503 478 2600 quietem
497 2499 658 2594 conditu,
696 2516 729 2573 el
748 2503 779 2574 in
797 2503 993 2575 huiusmodi
1011 2505 1096 2602 Spe-

25 2603 113 2674 eulis
141 2617 249 2674 to'tum
274 2604 456 2686 Pantheum
487 2602 934 2702 Catii-r'caeem301prnccipua
954 2605 1097 2674 elemen-

24 2717 54 2772 tu
83 2704 225 2775 Etrusci
241 2701 319 2776 sunt
337 2701 528 2799 adseulptn,
549 2705 663 2800 utique
683 2705 740 2774 Dii
758 2706 938 2801 praecipui*
954 2703 1097 2775 Penthei

27 2800 158 2874 Etrusci
190 2803 336 2897 habendi
367 2805 520 2874 Clztltonii
549 2816 583 2872 et
614 2805 897 2878 Turtcrourclrici·
937 2801 1027 2896 Quin
1054 2802 1095 2874 si

26 2902 207 2976 Pantheum
234 2905 410 2988 Etruscum
441 2903 504 2974 lnit
534 2904 734 2993 Cctdirimm,
762 2919 804 2974 ut·
828 2905 1095 2976 demonstmtnm

28 3017 73 3074 est
87 3005 246 3102 pient
263 3007 321 3075 t8.
339 3019 372 3074 et
391 3003 504 3074 Gabini
515 3003 612 3074 etiam
630 3023 734 3109 ›1er
747 3029 857 3092 ouum,
876 3005 952 3074 sire
965 3007 1097 3096 Delum

28 3119 160 3176 norum·
173 3103 336 3175 custodes
358 3157 367 3192 ,
397 3107 431 3174 el
450 3104 667 3194 salvatores,
694 3103 812 3200 utique
834 3105 893 3176 Dii
917 3107 1094 3204 proecipui

27 3200 243 3276 Etruscorum
261 3203 391 3274 luerunt
410 3199 467 3274 Dii
491 3204 792 3294 Tantarocratcres,
807 3219 843 3278 et
859 3205 1093 3278 Gueon'rclrim's

28 3301 123 3393 Quod
148 3303 311 3402 prolecto
338 3329 403 3375 nou
430 3306 559 3375 mirum.
577 3303 795 3377 Nauome
814 3315 926 3377 ueter's
946 3306 1095 3379 Pontion
1166 3364 1170 3372 ,

28 3401 172 3476 luerunt*
185 3406 486 3495 Tartnronrelrien,
507 3416 541 3474 et
558 3405 666 3500 ipsum
685 3405 823 3477 I'siaeum
842 3406 951 3480 udhu'e
978 3409 1095 3478 secunr'

31 3501 69 3570 do
93 3507 233 3578 saeculo
262 3503 475 3576 Christiano:
496 3505 588 3602 quud
607 3507 779 3580 orimum
795 3507 1093 3580 animadvertemus

28 3598 98 3675 loeo
124 3634 209 3702 suo·
238 3604 324 3675 Num
338 3629 394 3674 ‘un
412 3629 499 3702 quae
514 3605 684 3678 dicentem
695 3607 775 3678 'sibi
786 3608 913 3678 Isidem
925 3606 1096 3690 ma'rirnnrir

28 3697 271 3804 Aegyptiorum
297 3719 331 3776 et
355 3705 460 3776 totius
490 3702 631 3778 Orientis
656 3710 770 3778 anheli
796 3707 898 3780 Deam
924 3706 1097 3781 ⁴,Philonos

27 3799 107 3894 phus
127 3792 518 3902 ¹Platonicusdpuleiu's
536 3805 635 3882 Libr.
655 3805 722 3877 xl.
744 3806 888 3879 Meteon
910 3809 1096 3904 pegadii„

27 3900 152 3975 inducit
169 3935 178 3977 :
208 3907 258 3980 El
284 3931 358 3976 mern
383 3914 524 4004 spatium
551 3909 678 3978 saeculi
688 3913 750 3982 *tei
761 3915 958 4005 permensus
973 3913 1020 3978 ud
1037 3909 1098 3976 lna

27 4006 109 4087 feros
136 4011 367 4096 dertonensis,
395 4008 438 4078 idi
453 4035 580 4106 quaeque
602 4015 638 4078 in
662 4013 732 4104 ipso
759 4011 967 4078 subterraneo
996 4009 1094 4094 sentio

28 4107 175 4196 rotundo,
203 4105 269 4178 Me
288 4111 501 4206 quaerendos
521 4107 718 4184 Arlt‘erunlis
742 4108 880 4179 tenni-ris
897 4105 1097 4196 interlapsum

1161 4153 1164 4162 ·
1200 4109 1211 4190 l
