2924 5036
31 457 96 508 nem
116 446 155 504 et
181 431 372 506 Varronem
389 429 807 511 animadvertisseottwid.
834 431 891 504 hie
913 455 952 530 p.
980 432 1070 505 239.

29 533 184 606 Penthea
213 533 397 630 Popularia
428 585 440 624 ‚
476 530 628 621 Politieo,
663 542 714 600 et·
728 530 957 629 Philosophioo
998 557 1072 605 esse

31 633 161 719 diversa
175 643 211 724 et
234 642 306 704 non‘
325 655 428 728 posse
452 631 519 703 nisi
544 657 584 702 ex
609 628 776 728 profunda
817 630 947 729 analysi
982 655 1073 704 eom-

28 733 155 831 parari:
182 730 268 803 Hine
294 731 333 802 tit
357 743 395 802 nt
419 731 612 804 dicebamus
637 729 889 828 nallius'piane
914 755 989 802 esse
1013 755 1074 804 au-

28 832 182 904 ctoritatis
207 829 457 904 Platonicorum
475 833 654 929 opiniones
671 843 707 900 et
731 830 859 906 iudicia
883 831 945 904 hae
969 829 1004 904 in
1019 855 1072 903 re:

30 932 103 1005 Nam
128 956 246 1006 revera
260 931 294 1002 si
311 928 347 1002 hi
365 929 584 1003 attendissent
609 929 771 1002 vidissent
796 929 982 1003 manifesto:
1000 931 1075 1004 Ga-

31 1061 95 1104 eam
119 1045 154 1104 et
185 1029 346 1120 Uranom,
373 1031 520 1104 Kronum
544 1044 579 1102 et
602 1029 742 1122 Rheon,
762 1025 873 1108 Zeum
894 1029 1074 1104 stilorum
1103 1073 1106 1078 ·

32 1157 95 1204 esse
111 1132 261 1204 eamdem
279 1128 455 1203 fereillam
470 1129 665 1202 mundanam
697 1127 858 1205 Animam
879 1123 977 1230 quam
1006 1145 1075 1205 ter-

32 1234 105 1304 tium
121 1233 230 1304 Deum
247 1231 318 1326 ipsi
342 1229 601 1304 constituebant.

73 1333 177 1404 Suos.
199 1329 264 1402 ΙΙΙ.
286 1329 421 1402 Falsum
439 1341 485 1402 est
503 1332 656 1402 elassieos
669 1344 699 1401 et
710 1333 1006 1432 praecipuosDeos
1019 1357 1075 1403 oe·
1114 1398 1126 1414 ,
1233 1341 1237 1351 “

34 1447 124 1504 terum
145 1430 300 1504 Gentium
314 1433 412 1518 finisse
429 1428 550 1525 Renes,
563 1431 690 1519 Dauos,
722 1431 951 1528 Imperatores,
978 1431 1077 1516 Prin-

36 1535 195 1628 ripemunt
211 1536 391 1602 inventores
408 1531 538 1603 Artium
556 1546 586 1600 et
600 1527 781 1628 repertores
798 1532 1081 1630 Disciplinarum‚·

35 1629 460 1728 utplurimithemeristoe
473 1688 476 1700 .
491 1645 612 1702 ueteres
646 1644 681 1699 et
710 1635 901 1704 recentiores
934 1649 1007 1706 sunt
1039 1659 1074 1704 o-

36 1735 138 1816 pinati.
359 1749 362 1756 '
585 1787 591 1804 ,
951 1737 971 1786 -“

36 1819 39 1826 ’
76 1836 108 1903 t.
136 1829 264 1922 Primo,
285 1831 466 1928 quianulli
483 1830 597 1930 Reges
629 1829 967 1929 nulli⁸lmperotores
1002 1855 1078 1904 esso

38 1944 173 2028 possunt
186 1931 384 2028 cuicumque
398 1931 497 2005 Genti
515 1947 553 2016 et⁴
561 1931 699 2027 Populo
709 1932 772 2003 nisi
782 1933 853 2005 iate
878 1925 942 2005 ism
960 1944 1078 2028 anetae
1103 1989 1107 1995 .

35 2045 63 2101 et
78 2030 220 2127 amplae,
235 2033 301 2102 uisi
320 2057 360 2103 en
372 2032 500 2105 iamdiu
518 2030 664 2104 civiliter
677 2031 809 2108 vixerit:
831 2045 865 2104 et
893 2030 979 2104 odeo
1010 2029 1076 2102 nisi
1181 2079 1188 2098 .

35 2129 148 2201 iamdiu
164 2129 455 2204 inissetiustmeta
484 2152 633 2228 congruo
668 2143 713 2201 et·
727 2132 880 2204 ¹Politieo
911 2129 1076 2206 Pantheo.

32 2227 238 2325 impossihile
256 2233 290 2302 in
309 2229 414 2303 Gente
428 2231 541 2327 aliqua
557 2255 632 2302 esse
644 2229 794 2318 homines
807 2229 931 2332 Reges,
947 2231 982 2305 in
1008 2255 1086 2330 qun.

35 2343 117 2401 antea
129 2355 199 2400 noo
217 2329 356 2403 inissent
373 2332 444 2404 Dii.
466 2329 552 2422 Quin
564 2331 598 2402 in
612 2331 783 2430 plerisque
795 2334 905 2432 Reges
922 2347 957 2406 et
969 2332 1080 2430 Impe-

35 2440 157 2501 ratores
167 2429 377 2504 Sacerdotes
388 2444 423 2502 et
439 2431 627 2528 Prophetae
644 2431 804 2506 Deorum.
824 2465 828 2474 ’
1081 2477 1085 2488 ·

39 2576 42 2581 -
79 2534 115 2600 2.
144 2529 317 2622 Secundo,
336 2531 415 2628 quia
433 2555 500 2603 non
514 2528 679 2621 diffinitis,
695 2531 755 2604 sed
768 2533 870 2629 plane
887 2529 1081 2627 impossibi-

32 2623 315 2732 lisqquaeoumque
333 2632 530 2728 Apotheosis
543 2645 577 2702 et
594 2631 786 2725 Lorifieotio
801 2629 948 2703 Pantheo
965 2629 1082 2700 fundo-

35 2729 164 2800 mentali
181 2743 215 2802 et
231 2729 380 2805 Politieo
398 2755 463 2802 nou
482 2733 665 2804 constituto
683 2733 718 2803 et
734 2729 862 2829 posito.¹
883 2729 970 2824 Quia
986 2729 1082 2828 Apo-

36 2829 147 2900 theosis
160 2841 195 2898 et
207 2829 603 2920 Lorirtoatioesttootum
613 2831 779 2905 adsumtio
793 2832 980 2906 adsociatis
1011 2833 1080 2905 De

37 2924 135 2998 iuneti
160 2928 315 3001 Hominis
328 2945 367 3002 et
380 2929 479 3002 Laris
495 2933 539 3004 ad
557 2945 668 3006 oettos
681 2933 785 3024 Deos3
804 2933 846 3004 od
859 2946 959 3020 notos
972 2931 1088 3004 Deos:¹

40 3023 100 3115 Qui
117 3027 201 3100 uerti
217 3029 275 3100 Dii
294 3029 323 3100 si
337 3029 407 3102 dati
421 3055 487 3104 uon
505 3045 593 3120 enno,
614 3024 734 3106 si'noti
745 3036 810 3106 iam
834 3055 900 3106 non
912 3045 990 3104 sunt
1020 3056 1087 3106 noo
1110 3042 1114 3054 '

39 3127 229 3223 Apotheosis
246 3153 321 3202 esse
331 3131 472 3226 poterit,
491 3131 553 3206 neo
566 3133 773 3226 haristeotio.
1052 3155 1054 3160 ’

81 3225 116 3296 3.
138 3227 270 3320 Tertio,
290 3222 370 3326 quia
384 3255 501 3302 omnes
528 3231 807 3306 veteresGentes
832 3231 982 3318 illustres
998 3243 1088 3302 :tam-

35 3323 198 3398 monisesto
214 3340 282 3401 tom
298 3329 390 3418 olane
405 3343 472 3419 tam
489 3331 611 3428 insigni
629 3329 832 3404 discrimine
853 3335 979 3404 cultum
999 3329 1090 3402 ·La--
1122 3353 1124 3360 ⁴

34 3429 109 3494 rium
126 3426 340 3502 humanorum
352 3443 386 3500 et
399 3427 553 3506 Manium
565 3433 755 3505 mortalium
768 3461 788 3506 a
802 3431 895 3505 cuitu
908 3435 1078 3504 immorta-

34 3519 110 3598 lium
124 3527 285 3619 Βιιοιιιιιι,λ
304 3544 339 3602 et
355 3528 533 3604 Nominum
567 3535 759 3628 magnorum
788 3533 1020 3626 distinxerunt
1045 3546 1090 3603 et-

36 3616 285 3718 disoreveruut,
312 3642 350 3700 ut
375 3630 550 3704 Hominem
571 3657 810 3730 quemeumque
835 3639 934 3705 etiam
958 3657 978 3702 u
1003 3629 1104 3707 Diis}
1173 3625 1177 3633 ’
1303 3691 1305 3702 .

36 3724 174 3814 genitum
200 3741 235 3798 et
254 3727 478 3822 ,custoditum
505 3745 543 3803 ut
567 3733 631 3804 tuit
657 3733 833 3829 Hercules,
852 3733 928 3806 Diis
946 3733 1082 3806 immor·
1141 3769 1158 3804 ι

38 3820 159 3898 talibus
185 3851 357 3906 assensero
381 3829 595 3927 impossihile
619 3831 761 3906 fuisset..
795 3887 800 3896 .
855 3885 859 3894 .

83 3921 126 3996 lt..
160 3923 290 4016 Quarto
312 3983 323 4020 ‚
346 3929 441 4026 ,quio
459 3931 490 4000 si
512 3946 552 4004 tu
581 3933 953 4007 attentissimolustras
977 3928 1088 4004 omnia

40 4017 214 4099 Latereula
246 4028 552 4127 Regumseternm
577 4031 763 4122 Gentium,
791 4045 826 4106 et
849 4031 1089 4128 Indigitamen-

41 4133 73 4192 ta
97 4125 409 4238 Deouuut.,outues
438 4133 623 4234 crtaogos
647 4133 794 4211 Deorum
820 4147 920 4234 atque
944 4133 1095 4232 Imperio.
