2976 5032
78 343 407 456 adoptioltenme
431 350 466 424 in
489 346 666 426 Pantheum
691 349 869 428 Etnaeonm
901 349 989 426 taen
1019 369 1070 427 eet
1097 356 1143 429 ab

78 473 151 528 tres
178 454 392 552 potissimum
416 454 718 547 caussas.Quaranr
739 452 846 550 prima
860 453 924 526 fuit
937 453 1052 526 intima
1065 480 1145 529 oon·

76 551 219 631 'inustio
246 554 494 625 Homaiidarnm
519 577 593 626 oum
623 553 775 652 Tyrsenis
800 551 947 648 Poloeyia
964 555 1051 640 sactu
1068 555 1146 628 doun

86 657 205 729 adhue
229 667 336 724 essent
361 654 394 724 iu
419 652 561 752 Lydio,
590 668 626 725 et
650 651 757 724 adhue
789 655 1008 726 conderentur
1033 653 1148 755 Myrnt

90 756 142 829 de
172 753 332 850 Omphale
357 751 584 825 et'Jnrdooo.
606 751 758 824 Secunda
782 777 880 824 ouusa
904 752 967 824 suit
991 753 1065 850 ipsa
1089 779 1147 826 nu·

91 871 172 926 turn
184 853 339 926 Homolio.
362 851 448 922 Noun
460 851 634 942 Heroides,
649 877 747 951 quern
766 877 828 923 nos
845 853 996 926 norimus
1014 877 1053 923 ex
1067 853 1149 925 Hie-

95 952 272 1052 rographiu
296 952 450 1042 Etrusoa,
484 951 624 1044 Graeca,
653 967 686 1025 et
712 949 842 1042 Latina,
871 967 921 1025 est
947 952 1147 1047 Semirleue,

93 1069 146 1124 est
168 1052 257 1124 iilius
283 1052 347 1122 Dei
381 1051 496 1148 magui
523 1052 618 1123 Joris
644 1077 683 1125 ex
708 1052 846 1124 humanu
872 1052 1048 1144 Munere,
1080 1051 1149 1134 soi-

93 1153 177 1226 lioet
201 1168 253 1225 eet
278 1153 400 1248 Typrie
431 1152 653 1244 Thonndn'nue
679 1168 780 1250 atque
797 1151 1002 1242 lucernatus‚
1029 1165 1149 1250 etque

92 1249 181 1325 adeo
213 1253 359 1324 rationes
392 1251 525 1322 intimae
552 1265 653 1346 etque
683 1276 822 1322 arcanae
855 1251 980 1323 nullius
1010 1253 1150 1325 Panthei

93 1365 245 1452 possunt·
263 1352 390 1424 turbari
415 1365 448 1422 et
474 1349 651 1422 oouvoili:
682 1349 716 1420 3.
747 1349 860 1422 Tertia
878 1377 993 1424 caussa
1011 1350 1075 1424 tuit
1093 1377 1149 1424 na·
1200 1385 1204 1394 ·

94 1470 170 1526 tura
196 1467 230 1523 et
254 1452 409 1524 oouditio
433 1461 560 1522 vetusta
586 1450 695 1548 ipsine
720 1450 856 1522 Panthei
884 1452 1036 1523 cabinet.
1066 1449 1151 1524 Nam

92 1579 197 1654 quum
229 1551 316 1652 Typi
340 1551 444 1626 divini
470 1553 684 1622 incarnabilis
709 1547 814 1622 forma
838 1564 876 1647 et·
894 1550 1081 1648 Epiphania
1099 1575 1151 1624 aa·

95 1667 150 1726 set
174 1653 298 1750 triplex
318 1653 333 1723 .·'
356 1651 548 1726 soffico'iu
570 1655 677 1722 ro'ru'm
697 1649 802 1720 'initio
819 1680 839 1738 ,¹⁴
857 1665 894 1720 nt
922 1653 1093 1748 Dominrpi
1116 1664 1151 1724 et

92 1753 323 1840 Conditoris,·
349 1752 383 1824 iu
409 1752 759 1848 mediotenrporunr,
786 1761 824 1818 ut
849 1751 1031 1842 incarnati,
1051 1751 1155 1824 alexi·

96 1854 202 1942 oaoi,
229 1851 451 1924 debellatoris
474 1851 618 1922 hostium
645 1846 868 1920 robustissimi
893 1861 926 1919 et
950 1849 1092 1940 iurioti3
1119 1851 1154 1924 in

98 1951 165 2022 fine
188 1976 325 2039 rerum,
353 1965 390 2021 nt
413 1955 642 2022 instauratoris
668 1961 702 2019 et
727 1947 931 2018 restitutoris
956 1950 1071 2022 aetatis
1096 1975 1155 2022 au·

103 2151 282 2224 namabilis
297 2149 333 2220 in
360 2149 563 2244 Tamporurn
586 2147 762 2218 medietate
788 2171 965 2242 exponere,
998 2171 1165 2221 exornare*

101 2275 167 2348 per
185 2249 310 2346 Sigiiio
336 2263 541 2346 opportuna,
568 2245 807 2345 perfluentem
833 2247 1069 2345 congruentia,
1097 2271 1158 2344 por

106 2349 248 2444 Mythos
274 2363 307 2420 et
333 2347 631 2418 Fabulisnarrsre
656 2346 898 2443 neglexeruut3
930 2349 1024 2443 quod
1051 2375 1153 2445 quuur

103 2447 192 2519 miro
201 2447 354 2519 sollertia
368 2460 401 2518 et
414 2448 516 2544 plone
527 2445 678 2518 fecissent
691 2445 903 2538 Heraclidae,
917 2447 1066 2520 Herculis·
1081 2449 1158 2544 'ry-

100 2572 167 2644 pus
192 2574 211 2620 e
237 2561 308 2636 toto
333 2547 404 2619 sere
431 2561 541 2618 vetere
567 2545 694 2618 Genere
719 2547 860 2618 hnmano
884 2561 1039 2641 receptus
1061 2561 1097 2618 et
1122 2573 1157 2618 a·
1265 2575 1268 2582 ·

97 2646 260 2743 doptotas
286 2647 362 2718 fuit.
393 2645 437 2716 Et
461 2661 638 2744 propteroa
657 2671 716 2718 neo
734 2645 855 2716 iniuria
873 2670 932 2716 neo
945 2645 1089 2716 absurdo
1107 2645 1158 2718 E-

97 2754 201 2819 trusci
225 2747 258 2818 in
284 2748 395 2818 loourn
420 2747 549 2818 Bnoclri
573 2744 706 2818 secundi
725 2744 916 2836 aleniouoi,
943 2745 1153 2844 depulsoris,

101 2847 381 2944 triumphatoris,
408 2848 466 2943 qui
493 2847 526 2918 iu
546 2845 700 2917 ,Pantheo
719 2870 781 2916 suo
798 2845 911 2918 Putrio
943 2844 1071 2934 deerat,
1099 2845 1154 2918 vel
1257 2857 1261 2866 ‘

97 2957 172 3017 oret
196 2948 295 3044 plene
322 2947 484 3017 obscurus
509 2959 543 3017 et
568 2945 929 3042 nominenominee
954 2945 1155 3036 Herculem,

96 3058 136 3116 et
161 3059 197 3116 ut
222 3073 320 3118 uuum
345 3048 581 3144 ex'Dioscnris
610 3046 770 3117 Cabirieis
811 3043 994 3118 habuerunt
1036 3057 1071 3117 et
1100 3070 1159 3116 oo-

98 3141 251 3220 lnernnt.
952 3155 955 3163 '
989 3181 992 3186 ·

141 3245 201 3317 ut.
230 3246 375 3320 Solvitur
398 3247 528 3320 obiectio
552 3251 711 3337 soconda,
726 3250 840 3346 quoad
850 3273 1023 3322 nnmerum*
1043 3246 1162 3341 Siquo-

98 3346 441 3442 rnm,'Si9iIlornm,
469 3364 499 3418 et
525 3344 700 3425 Nominum
726 3347 905 3420 divinornm
931 3348 1157 3421 Etruscorum.

154 3445 277 3518 Verum
303 3447 472 3542 praeterea
498 3459 550 3518 est
576 3444 693 3542 Siqua,
722 3461 756 3518 et
781 3447 925 3520 Nomina
943 3449 1054 3519 diviua
1072 3447 1162 3532 Pon·
1243 3481 1247 3494 ·

100 3547 174 3618 anea·
200 3545 333 3617 Eumeni
358 3570 432 3618 esse
455 3545 614 3642 plurimo,
636 3561 677 3617 ‘et
703 3546 804 3646 longe
830 3546 928 3642 plura
954 3573 1053 3645 quam
1077 3567 1163 3642 octo,

100 3645 166 3717 sed
191 3671 297 3742 oeque
322 3671 434 3718 rernm
459 3671 559 3717 unum
585 3659 620 3715 et
645 3645 794 3718 eundern
824 3645 953 3745 Typnm
979 3647 1164 3746 Theologi·

102 3769 177 3816 oum
204 3769 306 3840 posse
332 3759 400 3818 tnnn
425 3769 493 3841 per,
513 3746 612 3842 plura
630 3759 673 3816 et
697 3744 849 3818 diuersae
874 3748 997 3818 formiae
1023 3749 1124 3846 Signa
1149 3799 1161 3839 ,

103 3843 227 3940 sigilla
248 3843 462 3940 ,Agulmata
488 3846 644 3940 exprimi,
671 3860 739 3916 turn
763 3867 826 3942 peu
851 3845 948 3942 plura
973 3859 1007 3917 et
1033 3847 1165 3921 diuersa

108 3941 252 4016 Nomina
266 3943 459 4042 significari·
479 3945 565 4014 Tum
583 3971 645 4040 per
662 3945 945 4043 Morotypr'snmrn,
965 3945 1092 4042 dequo
1111 3944 1174 4038 ¹⁰⁶,

110 4041 239 4136 qnimnr
263 4045 297 4117 in
325 4044 493 4118 Fundam.
519 4041 771 4140 Pantltooponio·
804 4041 894 4114 toan
916 4042 1029 4141 Nypns
1054 4053 1166 4142 potest
