2924 5024
368 459 505 518 tautum.
532 441 635 540 Atqui
659 441 758 512 Casta
776 438 1002 514 sacerdotalis
1022 439 1305 520 etAristoc'ratica
1321 469 1400 516 num.

365 569 463 642 quam
488 542 586 614 saciet
610 555 643 612 et
668 540 783 611 reddet
807 541 908 638 plane
933 543 1015 614 suas
1035 541 1190 614 scientias
1227 543 1400 640 Theologi-

367 669 424 716 cas
449 657 481 714 et
504 639 782 739 Hierographioas
807 641 872 712 nisi
896 665 959 738 per
983 640 1277 738 profundissimum
1302 647 1397 715 etBa-

366 741 582 840 thytecbuum
611 741 871 840 crypticismum,
900 741 991 838 quod
1006 767 1067 814 uos
1085 743 1182 812 etiam
1195 741 1397 824 infundam.

365 843 516 936 Hicropm
547 842 663 938 Crypt.
692 839 895 912 ostendimus
920 841 1066 936 prolixe:
1093 853 1127 911 et
1152 839 1245 937 quod
1270 843 1403 914 noudum

363 965 482 1040 capere
506 939 662 1012 hacteuus
694 937 883 1032 uoluerunt,
902 941 961 1036 qui
978 939 1178 1037 Aegyptiam
1203 937 1399 1012 Arcbacolo-

362 1043 448 1140 giam
473 1051 624 1110 tractant.
1093 1065 1094 1068 ¹
1143 1079 1146 1095 ‹

414 1142 452 1210 lr.
485 1139 717 1238 Crypticismus
743 1137 905 1208 Polaticus
929 1139 1124 1236 Lacplu'lus.
1141 1136 1227 1230 Quia
1245 1137 1397 1212 interdum

361 1237 422 1310 ubi
449 1237 573 1308 Tribus
597 1233 779 1334 populares
803 1235 971 1332 inquietae
996 1250 1084 1328 sunt,
1110 1252 1152 1316 et,
1169 1239 1324 1329 mobiles,
1350 1240 1396 1310 ubi

363 1337 524 1410 facillime
548 1337 720 1432 emigrant,
740 1349 774 1408 et
792 1335 868 1406 luca
895 1354 1055 1434 occupata
1079 1349 1218 1430 mutant,
1246 1339 1305 1409 ubi
1324 1339 1394 1413 riri·

365 1435 411 1508 do
438 1449 513 1506 suut
536 1434 701 1534 ingenio,
745 1435 810 1506 uisi
837 1435 1033 1508 Sacerdotes
1059 1449 1093 1506 et
1117 1437 1397 1534 Phylarcbae·'per
1439 1472 1442 1500 r

364 1535 494 1608 Poetici
518 1535 656 1606 Panthei
682 1533 830 1605 fictiones
857 1551 890 1606 et
915 1547 1097 1606 commenta
1122 1534 1292 1625 accedant,
1318 1534 1398 1608 uum·
1442 1545 1443 1590 ἶ

367 1659 465 1732 quam
490 1633 630 1706 sortasse
655 1634 752 1705 sedes
777 1647 883 1704 certas
908 1649 942 1704 et
960 1634 1039 1705 fixas
1054 1634 1176 1706 colent.
1193 1637 1239 1708 At
1251 1637 1307 1706 ubi
1323 1638 1397 1708 Poe·
1442 1677 1443 1680 π

364 1750 418 1805 tae
442 1733 614 1832 Theolegi
656 1759 768 1804 omues
810 1733 878 1803 fere
918 1735 1050 1830 lapides
1076 1732 1238 1830 Regiouis
1263 1737 1396 1806 alicuius
1439 1685 1444 1839 l

365 1834 464 1905 certis
488 1833 564 1904 Diis
589 1832 877 1922 sacraverim-ubi
894 1832 1105 1906 clamaverint
1131 1836 1184 1906 bic
1209 1849 1318 1907 natum
1339 1835 1394 1906 Jo-
1442 1895 1444 1902 ,

362 1962 444 2022 vern,
472 1933 528 2004 hta
553 1931 742 2030 Neptunum
766 1945 800 2002 et
824 1931 994 2004 Palladem
1019 1957 1184 2030 pugnasse
1214 1959 1276 2032 pro
1302 1935 1394 2004 Terra
1438 1923 1444 2095 Ι

360 2034 488 2122 Attica,
516 2031 570 2102 bic
595 2032 745 2129 erupisse
770 2057 788 2100 e
805 2031 942 2102 Tellure
956 2031 1219 2121 Erichthonium,
1233 2048 1296 2103 etc.
1317 2033 1391 2102 Ter-

299 2209 302 2215 ,
361 2156 397 2200 ra
420 2131 480 2222 liet
506 2129 605 2201 Sacra
630 2147 664 2202 et
688 2129 858 2202 dilectaiu
877 2132 1019 2226 singulis
1037 2127 1137 2202 lerrue
1152 2133 1275 2230 glebis,
1293 2145 1325 2203 ct
1340 2131 1395 2202 Po·
1438 2104 1443 2162 l

235 2321 236 2326 ἵ
260 2289 262 2294 .
360 2228 462 2324 pulus
488 2227 572 2297 liius
596 2242 631 2300 et
655 2229 809 2300 immotus
834 2231 1020 2327 augebitur,
1044 2247 1077 2302 ct
1094 2230 1152 2302 liet
1169 2247 1303 2326 potens.

415 2329 449 2396 5.
483 2329 717 2426 Crypticismus
733 2329 892 2400 Poeticae.
923 2330 1061 2402 Scilicet
1086 2331 1115 2400 si
1140 2329 1309 2426 Theolegi
1325 2355 1395 2426 pro·

363 2441 491 2522 ponunt
507 2426 582 2498 ‘sibi
606 2425 732 2502 Stilum
747 2427 940 2521 Poeticum,
986 2431 1015 2500 si·
1056 2429 1235 2501 decernunt
1265 2431 1396 2501 seribere

280 2539 285 2544 “
346 2525 665 2614 1Ροὲιιόο,,ιιάὴὶίκεῑθ
684 2525 801 2597 Stilum
819 2527 1082 2614 Poetarumtum
1107 2527 1180 2600 lieri
1198 2555 1262 2601 nou
1279 2529 1401 2626 potest,

360 2627 438 2721 quio
458 2627 679 2724 gravissimum
708 2627 954 2726 Cryptr'cr'smum
981 2629 1207 2722 Tbeclcpicum
1232 2643 1267 2700 et
1291 2630 1390 2700 Meta-

354 2723 530 2822 physicum
556 2751 620 2796 uon
646 2724 812 2795 inducant.
842 2726 926 2796 Nam
953 2728 1059 2801 Stilus
1095 2729 1342 2829 Metaplrysr'cus
1363 2740 1389 2794 et
1435 2729 1438 2744 '

244 2861 253 2878 ·
357 2823 502 2894 Petrinus
527 2839 601 2894 suut
626 2823 767 2896 invicem
791 2823 920 2898 aduersi
947 2841 1046 2924 atque
1071 2828 1235 2924 oppositi.

704 2949 842 3067 trusa
869 2987 1097 3069 raurrus'

357 3177 399 3222 DE
418 3176 616 3226 ruauctruts
634 3177 911 3226 cuaaacruttruus
929 3179 971 3222 BT
989 3177 1164 3224 cutrttttlls
1181 3177 1392 3225 PANTEEONUM

699 3277 859 3324 vertutum
884 3277 1050 3324 GENTIUM·

360 3436 364 3444 ·
400 3411 504 3482 Ssur.
531 3405 560 3478 l.
589 3408 738 3480 Pantheo
755 3422 895 3478 veterum
911 3403 1061 3478 Gentium
1079 3401 1388 3503 Polyplrylarum,ut

351 3511 598 3608 Aepypticrum,
617 3509 790 3596 Indorum,
814 3505 1012 3577 Graecorum
1032 3558 1043 3596 ,
1062 3499 1309 3592 Romanorum,
1332 3520 1385 3573 etc.

350 3637 415 3682 mou
428 3627 565 3707 possum
581 3609 695 3680 taturi
709 3608 869 3703 aiuzplicia
887 3621 917 3674 ct
933 3605 1148 3676 mouctccbua
1167 3656 1177 3693 ,
1203 3605 1264 3674 ‘scd
1292 3618 1392 3673 contra

350 3713 501 3784 habenda
526 3723 599 3780 sunt
623 3711 743 3793 mixta,
765 3706 988 3803 polytcclmu,
1016 3707 1207 3800 composita,
1234 3705 1385 3800 syucrctr'-

352 3817 434 3882 stica
493 3824 555 3879 cte.

406 3915 439 3980 l.
455 3863 553 3979 7Nam
579 3905 763 3980 examinato
787 3927 900 3973 revera
920 3917 1018 4001 atque
1036 3925 1174 3974 excusso
1196 3898 1392 3998 Olcpanlbcc

251 4045 253 4048 ·
353 4011 532 4107 Aepyptio,
560 4007 651 4103 quod
677 4005 812 4096 confuse
830 4015 864 4073 et
881 4015 1003 4075 temere
1019 4000 1240 4096 ¹collegerunt
1264 3999 1391 4070 Kircbc·

351 4131 423 4195 rus,
452 4106 721 4198 Moutlaucouus,
749 4100 979 4196 Jabtonskius,
1008 4099 1151 4193 Hirtius,
1172 4097 1391 4198 Cbampollie·
