2924 5024
386 362 458 432 lilii

332 475 366 531 ot
392 459 603 533 mortuarium
636 453 803 534 Vesorum
825 453 987 528 Pictorum
1026 455 1219 554 colligimus
1261 472 1295 531 et
1337 472 1394 537 te⁴

332 587 459 635 neruus.

381 661 429 734 ll.
457 661 607 734 Secundo
632 664 712 756 quia
746 658 813 731 Vas
850 657 1171 756 Dranratoqraptum
1200 668 1310 758 potuit
1351 680 1387 739 et

330 765 436 858 drdm'j
461 789 528 832 essu
554 767 587 831 io
610 757 758 836 Pantheo
789 755 941 830 Cabirieo
967 775 997 829 et
1022 758 1203 857 symbolum
1229 777 1261 834 et
1278 762 1391 838 Aorn-

330 854 427 934 lctaoa
447 863 551 958 pluere
577 875 793 956 opportunum
813 863 864 956 pii
888 861 1058 946 Defuncti.
1107 874 1110 882 ’

380 959 502 1032 Totum
527 959 714 1048 Hominem,
742 953 876 1054 Corpus
901 955 1068 1050 Hominis,
1088 957 1239 1034 Animam
1263 957 1387 1036 Humi.

328 1061 379 1132 nis
408 1059 492 1132 Voce
518 1059 705 1156 symbolice
741 1057 881 1139 Veteres
919 1055 1082 1129 latissime
1108 1073 1141 1130 et
1165 1060 1384 1160 pertinaciter

255 1201 256 1204 ι
326 1159 528 1260 expressisse
554 1158 793 1255 exscriptum
818 1157 1062 1256 Aegyptiorum
1086 1157 1379 1262 Hieroglypbica,

325 1277 358 1333 et
383 1287 424 1332 ex
447 1259 572 1358 ingenti
595 1283 731 1332 numero
758 1271 905 1337 reterum
931 1258 1221 1356 testimoniorum,
1250 1277 1285 1336 et
1312 1260 1378 1350 alii

282 1395 284 1400 ·
324 1363 452 1460 plures,
472 1375 507 1432 et
522 1386 584 1432 nos
610 1359 678 1456 ipsi
704 1357 992 1450 animadvertimus
1019 1358 1062 1430 ad
1086 1355 1203 1434 Tabai.
1220 1355 1375 1437 Rosctto·

323 1492 400 1535 caru
425 1486 502 1558 pag.
531 1460 592 1530 23.
622 1459 709 1552 Quin
735 1453 967 1530 adnotavimus
993 1459 1026 1530 in
1052 1451 1200 1534 Pentheo
1232 1457 1376 1538 Etrusco

321 1589 358 1660 p.
389 1563 449 1642 53.
480 1561 540 1638 bl.
569 1562 664 1658 ipsos
689 1561 780 1632 Deos
806 1558 980 1630 Cabiricos
1008 1557 1169 1648 Gemellos
1193 1575 1228 1632 et
1246 1556 1378 1636 Necro-

313 1663 483 1759 plrylaces
508 1685 569 1758 per
597 1660 688 1734 tarsa
712 1657 816 1732 fuisse
841 1683 1030 1756 expressos.
1058 1649 1104 1730 Et
1121 1657 1279 1757 quoniam
1302 1657 1377 1738 Do-

322 1788 394 1859 gma
420 1777 491 1834 erat
517 1761 682 1832 veteribus
718 1759 951 1830 inconcussum
975 1772 1010 1829 et
1034 1757 1280 1834 firmissimum:
1325 1759 1378 1836 ibi

321 1862 395 1955 rint.
413 1877 446 1932 et
471 1863 673 1937 Potestatem
698 1859 843 1931 Deorum
868 1857 1053 1932 necessario
1072 1853 1232 1958 explicari
1247 1875 1281 1933 et
1293 1855 1377 1962 pro·

316 1961 370 2053 ,di,
399 1962 454 2042 ubi
483 1977 559 2034 suut
583 1987 696 2044 eorum
721 1957 895 2057 Symbola,
924 1957 1031 2054 signa,
1061 1957 1216 2059 Nomina:
1237 1959 1317 2034 ideo
1343 1957 1377 2036 si

317 2063 404 2140 certi
431 2088 541 2134 sumus
565 2062 600 2134 in
628 2058 722 2138 Varis
747 2059 844 2142 Pictis
869 2054 1080 2156 essealiqua
1106 2061 1252 2134 Deomm
1283 2091 1379 2160 sym-

319 2161 404 2254 bola,
426 2178 459 2242 et
484 2163 609 2258 signa,
636 2177 749 2234 tenere
775 2171 868 2234 certo
892 2185 1070 2258 possumus
1096 2174 1130 2261 et
1154 2157 1374 2278 propugnare

320 2261 466 2352 Veteres,
483 2261 586 2334 luisse
610 2287 816 2359 persuasos,
843 2259 936 2356 quod
961 2284 1023 2356 per
1051 2257 1143 2360 Vero
1182 2254 1379 2336 bumsmodi
1460 2338 1461 2341 ,

318 2359 463 2434 benefica
488 2361 633 2436 Deorum
660 2375 811 2459 potestas
837 2374 1041 2436 emanaretur
1067 2369 1109 2432 et.
1126 2357 1290 2459 derivaret
1333 2365 1376 2438 i'n

320 2487 356 2550 so
382 2459 599 2534 abundanter:
627 2461 780 2556 adeoque
805 2457 949 2556 si'Vase
975 2474 1010 2532 et
1026 2457 1180 2534 Hominis
1198 2455 1312 2558 Anima
1331 2477 1373 2534 et

318 2567 503 2641 Iliorcruare
525 2559 767 2660 ¹Ne'eroplzytorr
784 2559 969 2658 symbolice
987 2583 1176 2658 expressus,
1195 2556 1307 2662 potuit
1333 2577 1374 2636 et

317 2663 435 2735 debuit
463 2665 530 2738 Vos
556 2675 780 2738 consecratum
806 2659 877 2734 beri
899 2653 1090 2756 ⁴Cabiristae
1115 2663 1292 2736 amuletum
1334 2675 1372 2735 et

316 2767 440 2860 pignus
466 2763 608 2833 Tutelae
625 2758 917 2864 pt‘pruteot'io‘nis
942 2761 1008 2842 Dei
1045 2757 1157 2861 magui
1183 2778 1217 2842 et
1242 2755 1375 2836 Necro-

315 2862 473 2960 pbylaois
498 2861 659 2940 Cabiriei.
865 2861 866 2864 ¹
1146 2903 1148 2908 v

190 3040 197 3048 ⁸
318 3035 321 3046 ,
363 2960 427 3030 111.
463 2961 568 3038 Tertio
594 2971 672 3060 quie
697 2951 840 3040 Juoerieo
860 2959 1008 3061 palliati,
1036 2965 1092 3062 qui
1116 2965 1372 3066 frequentissime

312 3069 346 3134 ie
375 3061 469 3136 Vasio
507 3067 606 3158 pictis
649 3069 894 3162 conspiciantur
930 3064 1074 3134 laedendi
1115 3083 1190 3136 suot
1229 3063 1284 3136 ool
1310 3073 1377 3164 ipsi

311 3166 468 3250 Dioscuri
490 3163 776 3266 Necropbyleces,
794 3165 850 3252 uel
865 3157 972 3234 Lares
996 3165 1133 3236 bumont
1157 3157 1369 3264 Necropltiti.

315 3263 448 3356 sNam
472 3261 521 3335 eis
540 3261 625 3336 est:
657 3267 690 3335 l.
718 3265 824 3349 Actus
849 3259 998 3336 iuuenilis
1024 3277 1055 3334 ct
1078 3261 1225 3356 florens:
1255 3281 1293 3338 ut
1317 3283 1373 3338 est

312 3379 476 3463 perpetuo
502 3363 672 3458 Dioscurir
698 3364 850 3454 Etruscis
877 3361 1014 3460 Graecis
1040 3376 1075 3434 et
1099 3365 1288 3438 Romanis:
1329 3381 1373 3439 ut

228 3524 230 3528 Α
311 3480 364 3550 ost
387 3463 558 3560 Apollini,
586 3463 746 3554 Baccho,
762 3455 947 3556 Mercurio,
974 3461 1033 3563 qni
1056 3458 1127 3564 ipsi
1153 3481 1230 3538 sunt
1247 3460 1373 3564 Trige·

308 3564 388 3636 mini
413 3565 569 3634 Dioscuri
586 3563 735 3656 Peotbci
765 3561 918 3638 Cabirioi.
948 3567 986 3638 2.
1015 3555 1180 3638 Numerus
1210 3566 1400 3640 Binariuc·

255 3753 257 3756 Ι
309 3661 571 3757 rel,Teraorius
592 3715 605 3760 ,¹
630 3665 689 3760 qui
714 3661 1027 3762 frequentissimus:
1056 3661 1123 3738 rari
1142 3661 1228 3738 enim
1246 3658 1370 3738 adsunt

310 3779 465 3861 quatuor:
493 3763 543 3834 Ex
569 3763 690 3860 quibus
708 3760 785 3854 ,dno
805 3758 955 3851 ¹habendi
980 3760 1132 3862 Percotes,
1158 3759 1229 3838 duo
1255 3761 1365 3840 Lares

308 3863 429 3953 diuini,
448 3861 501 3934 rel
518 3863 602 3934 Duo
614 3865 719 3942 Lares
736 3867 850 3952 diuini,
870 3877 905 3936 ct
930 3861 999 3936 duo
1017 3858 1177 3940 Hannoni.
1200 3867 1235 3938 3.
1262 3869 1371 3940 Coro·

308 3993 373 4056 oce
398 3965 554 4063 Myrtoae
574 3989 586 4056 3
613 3959 746 4048 scilicet
768 3961 911 4034 Juvenes
936 3961 1129 4038 huiusmodi
1152 3991 1254 4068 saepe
1286 3981 1369 4040 sunt

311 4064 474 4152 coronati,
493 4063 604 4160 etqui
630 4087 769 4137 coronas
795 4055 988 4158 describunt
1001 4063 1154 4164 Myrtoas
1170 4061 1308 4160 laniunt,
1330 4079 1371 4138 ut

310 4179 347 4234 ut
364 4161 506 4265 obscure
523 4157 845 4266 depictasz'Myrtus
866 4155 979 4240 'aurem
996 4162 1170 4242 Defunctis
1195 4192 1303 4264 saera,
1332 4180 1368 4241 et
