2976 5032
57 399 129 474 trix
147 394 533 494 sueuineta,eyuegntiea
549 396 734 498 sagittifera
758 405 965 512 montivago.
981 412 1027 488 Et
1049 444 1133 494 rra-

8 541 9 544 *
60 527 109 574 nu
126 503 295 592 Etrusca,
307 495 341 595 si
358 499 495 594 genuina
511 501 678 598 scriptura
703 515 770 598 est,
788 507 861 582 Deo
878 511 1065 687 domesfioa
1080 533 1135 594 tu-

59 593 199 692 nicata,
214 590 363 687 stolata,
382 597 626 695 spbeudouuta,
645 616 697 672 eat
713 603 786 676 Dea
803 608 982 706 obstetrix,
1023 629 1036 687 t
1054 615 1138 694 Pue-

62 699 269 798 dopbylax‚
293 719 357 768 uon
384 697 561 790 venatrix,
589 714 627 791 et
651 705 844 802 cynegetiea
867 723 934 784 ete.
960 726 1028 788 eto.

122 801 160 874 6.
181 799 300 884 Sexto,
313 791 394 893 quia
418 821 629 896 quocumque
654 805 801 876 examine
825 805 997 906 instituto,
1024 839 1139 894 revera

65 888 236 998 pleraque
262 895 476 991 blooumeuta
502 895 641 971 Etrusea
665 923 728 1004 per
752 903 892 1002 Mytbos
925 923 960 984 et
991 912 1138 990 fabulas

64 995 438 1088 Graecorum,velsuut
450 996 1138 1112 prorsusintraotabiliaetinexplioubiliu;

68 1099 120 1170 vel
145 1094 302 1170 absurde
316 1106 362 1167 et
387 1096 499 1192 inepte
522 1095 741 1196 explicantur,
760 1117 799 1176 ut
819 1129 921 1209 saepe
944 1113 1067 1189 murm
1093 1117 1138 1190 ab

64 1197 180 1270 illusis
206 1212 248 1270 et
274 1193 454 1265 obstinatis
479 1193 732 1294 Interpretibus.
753 1201 838 1278 Nam
862 1233 903 1282 er
927 1210 1058 1288 duabus
1079 1215 1136 1291 rel

63 1297 174 1372 tribus
207 1293 378 1370 oeutuuiis
401 1292 588 1389 Siqillorum
621 1309 655 1367 et
682 1299 858 1398 Siguorum
888 1309 1136 1412 Etruseorum,

8 1435 11 1448 ·
62 1403 150 1493 quae
168 1397 337 1468 haetenus
355 1393 446 1464 edita
462 1417 642 1491 possumus
652 1411 834 1502 ¹utcumque
849 1406 997 1485 indicare
1013 1427 1049 1488 et
1064 1414 1137 1490 ool·
1161 1487 1165 1498 ,

62 1495 187 1594 ligere,
217 1493 403 1567 Herculeis
428 1493 589 1590 exeeptis,
616 1495 673 1566 vix
697 1499 837 1599 aliquod
861 1525 926 1604 est,
950 1513 1008 1586 vix
1034 1539 1135 1592 uuum

61 1609 115 1667 est
131 1613 151 1686 ,·
172 1595 273 1694 quod
298 1591 443 1690 mythice
467 1593 698 1698 perv-Graecas
726 1598 867 1679 fabulas
892 1609 1052 1710 explices·
1082 1615 1134 1692 Ex

63 1693 229 1767 ducentis
255 1693 403 1792 Speculis
426 1692 633 1786 funebribus,
660 1697 715 1772 vel
734 1699 857 1796 editis,
883 1711 936 1782 rel
961 1715 1130 1812 iudicatis,

64 1807 148 1865 sunt
166 1795 348 1891 plusquam
362 1807 538 1866 eentum‘et
551 1794 790 1908 quinquaginta
802 1805 1007 1884 striotlsaime
1019 1815 1134 1892 Tbeo·

64 1889 206 1986 logica,
233 1919 301 1978 nou
324 1889 492 1989 lalytbioa,
509 1893 719 1988 sumetissime
734 1899 848 1974 clausa
864 1907 951 1980 iuter
966 1912 1135 1994 Herodem
1233 1925 1236 1933 ’

66 1988 276 2080 Gabinium,
303 2014 363 2086 per
387 1992 501 2063 nullos
525 1989 661 2088 mythos
686 1995 888 2076 Graecorum
904 2011 1131 2106 explicabiliat

66 2087 215 2159 seilicet
238 2089 269 2159 in
295 2089 347 2160 bis
360 2089 507 2188 Speculis
525 2091 696 2166 exhibetur
713 2110 840 2174 tantum
854 2103 1063 2210 theologiae
1078 2117 1132 2192 rel

66 2187 199 2258 Menas
225 2189 391 2280 Gabinius,
410 2189 466 2262 rel
484 2191 576 2287 Dyaa
601 2191 751 2271 Cabiriea
777 2197 1036 2283 sireFoeruinea
1062 2215 1133 2292 sire

65 2279 243 2379 Ma'seula,
270 2289 370 2362 Trias
395 2287 560 2379 Gabiriua,
589 2291 719 2390 Tetras,
747 2298 885 2398 Pentas,
903 2307 1015 2384 flexas
1031 2311 1133 2387 Cubi.

63 2375 175 2458 riea':
203 2401 239 2460 et
263 2401 370 2486 saepe'
387 2391 450 2486 per
472 2389 656 2486 profundas
682 2371 863 2495 Puroa'fias,
891 2420 929 2478 ut
953 2410 1128 2488 adnotabi-

26 2531 28 2536 .
59 2509 149 2556 mus
167 2485 254 2558 loeo
280 2503 354 2561 suo.
383 2487 433 2558 Ex
458 2489 696 2590 quinquaginta
713 2499 823 2598 Typia
840 2503 1008 2585 distinctis
1033 2513 1127 2588 Dru·

67 2599 201 2656 matum
225 2587 420 2678 funebrium,
445 2611 531 2686 quos
556 2585 688 2668 Etmsai
712 2601 884 2696 adhibent,
910 2621 986 2680 suut
1011 2612 1127 2688 saltem

67 2684 291 2782 quadraginta
315 2687 445 2785 patrii,
470 2689 628 2787 proprii,
655 2695 830 2794 liturgici,
856 2703 1065 2806 allegorici,
1092 2725 1126 2786 et
1179 2767 1182 2778 ·

68 2807 156 2878 quos
183 2787 278 2859 velle
298 2789 469 2886 explicare
490 2815 550 2888 per
574 2795 707 2892 mythos
725 2799 873 2877 Graecos
889 2802 1014 2882 fatuum
1038 2825 1127 2887 esset

70 2905 170 2978 opus,
200 2899 238 2958 ut
252 2886 415 2960 ·Dramata
439 2889 615 2966 Funerum:
644 2897 787 2998 Pompas
806 2903 990 2982 funebres:
1019 2909 1124 3010 Equi-

66 2983 213 3058 tationes
240 2987 284 3058 ad
310 2982 634 3066 Tartarumruidam
653 2995 858 3095 Sponsor'um
873 3005 918 3078 sd
934 3007 1121 3089 Tartarum:

68 3078 200 3156 Mausos
234 3085 417 3161 funebres:
454 3091 683 3168 confossiones
712 3100 912 3200 expiatorias
941 3109 985 3181 ud
1009 3109 1123 3206 Aras,-

68 3175 229 3276 Rotiferi,
258 3186 450 3282 Palmife'ri,
477 3187 691 3290 Gorgoniferi
717 3213 782 3274 ete.
810 3203 859 3276 Ut
883 3205 1036 3284 Dramata
1060 3212 1123 3288 tte:
1174 3263 1175 3270 κ

68 3288 190 3356 storum
232 3286 403 3361 laetorum·
440 3291 648 3366 turbatorum
690 3301 931 3380 confusorum:
967 3311 1122 3388 Dramatu

69 3373 315 3484 Quadrigarium
336 3389 536 3464 turbaturum
561 3407 595 3468 et
620 3399 794 3496 ruentium,
811 3420 849 3478 et
870 3407 937 3479 alit
954 3409 1124 3488 huiusmo⁴

72 3472 112 3546 lli·
132 3483 285 3578 plurima
311 3513 397 3588 quae
426 3490 667 3574 idioetbnieum
703 3503 881 3581 artilioium
917 3511 1126 3608 apertissime
1261 3557 1262 3560 ¹

72 3585 228 3670 produnt·
265 3611 269 3620 “
644 3622 652 3628 “
