2966 5022
149 459 154 466 .
1021 423 1037 460 Υ

65 514 121 588 liri
150 521 247 588 coesi
272 505 380 589 tamen
402 533 531 614 semper
556 529 591 589 et
616 517 800 614 exaequati:
828 517 882 590 lte
906 531 948 590 ut
960 421 1122 619 iseldplro-

63 617 206 688 lixorum
233 619 423 714 capillorum
448 623 557 707 oncense
583 617 733 690 habenda
760 619 806 689 sit
833 619 1047 713 systematicn
1087 635 1124 694 et

63 716 343 788 characteristica.
373 713 476 813 Atqui
501 717 619 808 Gomn,
647 720 760 816 capilli
784 719 926 814 prolixi,
954 721 1123 792 caesaries

63 815 192 886 dicitnr
218 835 289 914 nnn
314 810 415 905 runc,
442 843 566 904 runnu,
594 845 734 904 nunno,
762 831 797 890 et
822 827 912 891 caesi
938 825 1037 908 fracti
1056 847 1121 890 re-

39 921 121 988 cisi
150 936 211 1004 ltu
238 943 307 987 nun
329 938 392 1005 ιιι]
418 943 508 989 nm:
545 943 662 1018 nempe
687 942 864 990 runo-nm.
891 917 994 1015 Ergo
1033 918 1117 990 haec

61 1041 156 1116 nomo
171 1023 292 1114 'semota
317 1033 368 1088 est
386 1017 633 1100 Lexeoschemn
653 1018 867 1116 Proserpinae
883 1019 1044 1091 Feroniae
1062 1017 1120 1090 rel

59 1115 280 1190 Plranoioe:
310 1116 386 1207 Quo
413 1116 543 1189 nomine
569 1129 641 1186 tota
666 1117 764 1190 Itnlia
789 1119 955 1190 celebrem
991 1116 1123 1190 Proscr-

58 1221 177 1313 piaam
201 1217 359 1313 pluribus
384 1216 664 1313 inscriptionibus
690 1231 830 1306 notum,
858 1243 941 1314 quas
972 1216 1124 1311 college·

64 1330 141 1386 runt
158 1330 192 1386 et
209 1317 387 1388 ediderunt
413 1314 552 1405 Gurius,
572 1315 762 1402 Remmius,
785 1315 960 1430 Gruterug
981 1316 1123 1418 aliique,

65 1414 315 1514 indicatumque
341 1417 374 1487 iu
406 1415 554 1488 Teutam.
585 1428 702 1486 nostro
731 1415 831 1513 Osco.

109 1511 196 1586 Vll.
225 1515 623 1616 ProserpinoMnrefora
642 1567 653 1608 ,
673 1532 772 1617 etque
786 1506 900 1590 iterum
922 1515 1065 1592 Feronia
1090 1528 1123 1588 ct

64 1613 271 1687 Pltrounr'm
317 1634 347 1676 Ἰ
382 1667 385 1676 2
610 1669 614 1678 .
771 1675 774 1682 ,

111 1713 153 1785 In
167 1772 170 1781 .
182 1715 307 1814 Sigillo
333 1715 405 1787 stili
431 1713 567 1804 veteris,
596 1729 632 1786 ct
655 1729 693 1786 ut
710 1715 811 1812 plune
828 1715 960 1788 videtur
976 1711 1127 1804 Etrusci,

64 1814 215 1886 invento
230 1816 319 1888 circe
344 1816 477 1906 llnriurn
503 1815 842 1887 SilarumLucaniae
869 1841 969 1904 mene,
989 1813 1130 1889 exhibe-

66 1927 122 1984 tur
149 1915 277 1986 Mulier
301 1915 433 2010 duplici
458 1916 569 1986 tunica
594 1914 743 2001 induta,
773 1939 901 2010 nempe
916 1915 1067 2009 longiore
1093 1927 1129 1984 et

65 2011 254 2100 breviore,
282 2014 499 2103 diademata,
527 2013 663 2110 cupillis
689 2011 981 2108 anterioribus'ed
1006 2013 1129 2084 lrontie

63 2111 203 2184 initium
218 2113 263 2182 in
290 2137 446 2184 coronam
471 2114 626 2197 attonsis,
655 2111 1130 2209 posteriorihnslongioribus

63 2213 220 2307 quidem,
239 2213 301 2285 sed
328 2213 425 2284 etiem
450 2237 551 2310 super
575 2211 668 2283 collo
690 2214 728 2283 in
754 2239 869 2310 gyrum
897 2213 1016 2296 caesis,
1045 2211 1130 2284 sini-

66 2327 137 2384 stra
163 2339 260 2384 manu
286 2328 419 2412 gestans
445 2314 572 2384 Murem
609 2327 800 2408 agrestem3
840 2311 972 2385 sinistre
998 2311 1129 2408 aliquid

67 2413 168 2483 etiem
196 2413 285 2484 olim·
306 2427 468 2510 gestante,
496 2411 589 2510 quud
607 2425 713 2484 tamen
730 2413 889 2509 deinceps
907 2411 1024 2510 periit.
1053 2413 1130 2482 Hoc

65 2511 229 2606 Sigillum
255 2513 383 2609 primus
408 2513 527 2584 leviter
551 2511 732 2606 descripsit
758 2513 885 2609 Varges
921 2514 959 2586 in
994 2514 1128 2590 Colonie

14 2669 15 2672 ,
66 2611 241 2684 Eobor'clrc
267 2637 348 2710 pag.
379 2613 463 2684 364.
494 2612 578 2682 365.
609 2611 676 2684 Sed
714 2611 926 2712 paulopost
955 2609 1131 2682 ediditet
1182 2639 1186 2646 ·

68 2711 257 2783 illustravit
282 2714 322 2784 P.
352 2711 474 2784 Anton.
504 2711 600 2784 Peoli
638 2712 800 2808 peculiari
836 2715 975 2784 Dinocrt.
1005 2722 1039 2780 et
1065 2709 1129 2778 ite-

71 2835 141 2881 rum
168 2811 280 2883 edidit
304 2813 339 2884 in
365 2813 499 2884 Antion.
530 2811 660 2882 Poston.
690 2827 724 2884 et
750 2812 829 2884 inde
846 2809 987 2884 Carolus
1005 2807 1071 2881 Fen
1085 2807 1130 2882 ed

81 2910 136 2981 W
133 2913 284 2984 incletm.
314 2914 413 2986 letor.
441 2903 517 2986 dell’
536 2927 607 2983 orte
633 2912 733 2984 Tem.
754 2912 784 2984 Ι.
806 2912 951 3008 palili).
976 2909 1062 2988 Tan.
1083 2909 1128 2980 V.

77 3007 207 3109 Vargas
233 3026 343 3083 entem
369 3011 438 3086 loc.
467 3012 526 3084 cit.
555 3012 687 3109 putarit
712 3009 895 3109 hocSignc
912 3009 1052 3106 exprimi
1068 3009 1129 3080 Se·

75 3109 213 3184 uhunem
239 3115 389 3210 Aegypti
414 3113 569 3209 Regem,
594 3114 664 3182 cui
702 3125 842 3188 statuam
881 3135 975 3183 mann
1001 3108 1130 3190 Murem

17 3221 20 3228 '
77 3215 316 3310 praeferentem
340 3213 383 3284 ab
407 3210 586 3310 Aegyptiis
610 3210 714 3283 luisse
738 3212 883 3307 positam
908 3222 1046 3286 tesntur
1063 3209 1132 3282 He-

75 3313 220 3406 rodotus
245 3313 342 3385 Libr.
370 3312 419 3382 ll.
447 3337 479 3384 c.
511 3310 594 3382 tlt.
622 3333 703 3408 pag.
736 3310 818 3398 143.
846 3309 893 3386 At
917 3309 1015 3380 lnlso.
1045 3307 1131 3390 Num

80 3411 271 3511 Aegyptios
297 3411 370 3482 llcx
394 3437 413 3484 a
438 3433 647 3507 quocumque
680 3411 797 3510 inepto
836 3425 935 3507 atque
974 3406 1130 3502 imperito

79 3513 314 3612 Hierogrepho
340 3535 406 3582 non
432 3509 544 3606 potuit
569 3510 615 3580 ita
639 3509 783 3585 absurde
800 3510 970 3590 etlrustrn
995 3505 1132 3588 celtibe-
1204 3516 1206 3520 '

80 3617 122 3687 ri.
142 3613 267 3688 Anton.
289 3611 386 3682 Peoli
401 3609 504 3708 Oper.
521 3615 574 3684 eit.
604 3609 638 3680 in
665 3623 822 3688 eototus
844 3621 900 3687 est
930 3621 966 3678 ut
992 3607 1134 3680 demon-

80 3729 160 3790 stret
185 3715 252 3786 hoc'
275 3711 399 3810 Sigillo
425 3709 799 3809 exprimiSeoerdotem
817 3709 1043 3780 Chananeeum
1073 3706 1129 3778 vel

81 3813 311 3901 Palaestinam,
339 3811 397 3908 qni
421 3810 608 3882 memoriam
634 3810 791 3880 llllireculi
819 3835 838 3880 a
863 3809 907 3878 D.
937 3808 982 3882 Ο.
1010 3809 1063 3878 Μ.
1082 3806 1130 3875 sa·
1231 3871 1236 3876 .

81 3931 165 3987 ctum
179 3939 241 4012 pro
257 3912 429 3996 Hebraeis,
439 3925 473 3982 et
484 3909 576 4006 quod
589 3910 764 4004 exponitur
777 3911 875 3988 Libr.
897 3909 983 4003 Reg.
1000 3909 1030 3978 l.
1047 3928 1124 3996 cap.

83 4014 142 4089 vl.
170 4041 205 4086 ιι.
236 4015 270 4084 5.
298 4011 442 4108 posteris
469 4033 598 4086 servare
623 4009 805 4083 voluisset:
833 4008 1049 4098 Quodtetiam
1068 4001 1131 4071 lel-

82 4139 165 4188 enm.
188 4109 278 4184 ¹Nam
303 4113 407 4207 ligure
432 4109 604 4184 muliebris
630 4123 772 4186 estnon
797 4108 920 4192 virilis,
939 4118 1005 4170 ete
1022 4099 1134 4195 figure.

89 4213 294 4300 sacerdotali
306 4211 495 4288 ‘Channunei
508 4208 737 4283 remotissime.
758 4207 845 4278 Tum
862 4199 1130 4277 mediocrene-
