2966 5022
365 412 600 514 contenderet,
626 411 726 520 qnasi
748 415 945 496 adventante
969 421 1050 520 post
1075 443 1112 494 se
1135 418 1233 495 hoste
1258 419 1419 521 grari'ssi·

364 543 423 596 mo
448 549 522 596 sese
546 520 710 595 convertit
735 534 858 610 retro,
887 521 1014 593 claram
1038 521 1157 594 dextra
1184 523 1352 621 stringens
1377 524 1421 596 ad

362 622 547 697 vindictum
563 633 711 718 paratus,
729 619 885 718 pharetra
910 622 945 691 in
972 633 1092 694 terram
1117 622 1271 720 delapsa.
1293 622 1420 696 Miner·

266 788 270 799 .
353 739 405 826 ⁴uu·
430 721 629 822 praecedens
654 735 689 794 ει
713 720 833 793 eodem
857 720 996 793 tendens
1023 737 1113 794 retro
1151 725 1251 796 etium
1289 726 1419 797 ruitum

360 823 554 896 convertit:
582 836 672 896 retro
698 821 796 894 etiam
822 819 992 902 conversis
1017 823 1126 894 tribus
1144 822 1314 922 capitibus
1351 851 1415 896 mn-

361 923 421 1024 goi
445 921 640 1015 Draconis,
668 921 729 1020 qui
754 945 829 992 oum
863 921 1016 994 Minerva
1055 923 1220 1022 graditur.
1249 923 1418 998 Bonarota

359 1039 443 1125 pag.
474 1026 533 1094 ll.
565 1025 625 1094 42.
654 1021 824 1095 Passerius
848 1025 883 1093 in
907 1021 1058 1120 Paralr'p.
1087 1048 1125 1120 p.
1154 1025 1217 1097 28.
1237 1027 1301 1098 29.
1332 1025 1417 1097 Lan-

319 1174 323 1183 ι
362 1123 438 1196 'aius
463 1121 511 1195 H.
540 1145 621 1220 pag.
648 1122 736 1198 204.
765 1121 853 1195 205.
881 1117 996 1219 Zoega
1021 1123 1056 1194 in
1080 1121 1181 1196 Bassi
1216 1125 1339 1200 Rilr'eor’
1371 1125 1416 1198 H.

362 1226 452 1326 'pags
474 1224 537 1295 6l.
567 1223 629 1294 64.
656 1220 915 1320 Vermigliolins
938 1248 993 1322 op.
1022 1228 1077 1295 cit.
1105 1247 1142 1321 p.
1166 1223 1226 1298 53.
1257 1226 1319 1300 54.
1338 1225 1420 1320 ulii-

363 1327 432 1424 'que
455 1337 616 1424 putarunt
640 1322 707 1394 hoc
731 1321 766 1392 in
791 1321 947 1418 Drumute
972 1322 1028 1420 agi
1053 1321 1097 1395 de
1123 1323 1279 1396 Herculis
1318 1341 1419 1398 certa-

360 1425 449 1500 'mine
473 1451 548 1498 cum
573 1424 723 1498 Lernaea
748 1417 881 1520 Hydra:
910 1421 1012 1514 Quod
1036 1422 1169 1495 falsum.
1200 1425 1286 1496 Nam
1311 1428 1417 1500 Draco

361 1543 431 1612 bon
441 1525 513 1618 ruit
539 1523 573 1596 in
590 1521 857 1614 Herculem,.rel
884 1521 1082 1613 Minervam,
1103 1524 1164 1596 sed
1188 1525 1325 1624 placida
1350 1551 1418 1626 pcr-

360 1626 414 1730 git
439 1651 515 1700 oum
538 1625 638 1718 illis;
666 1635 702 1698 at
726 1619 938 1720 impossibile
967 1619 1082 1720 effingi
1119 1624 1250 1698 bostem
1288 1641 1324 1699 ει
1360 1651 1416 1698 una

361 1739 547 1802 'currentem
571 1738 606 1799 et
630 1747 696 1798 unu
721 1748 758 1794 se
781 1733 872 1796 retro
897 1737 1143 1804 convertentem
1172 1744 1417 1825 aquncumqnc

361 1828 593 1928 btupidissimo
619 1821 770 1909 Artifice.
798 1821 844 1898 At
868 1822 982 1922 quid,
1010 1823 1173 1922 inquies,
1206 1825 1272 1900 iste
1299 1829 1415 1926 triceps

359 1929 476 2005 Draco
502 1923 536 2001 iu
561 1927 751 2001 Dramute?
788 1922 879 1996 Mihi
917 1938 969 1996 est
1006 1923 1081 2022 ipse
1106 1925 1218 1998 Draco
1250 1926 1442 2000 Minerrue'

356 2029 472 2124 'sacer‚
492 2031 567 2130 ipse
584 2025 757 2102 Palladius
783 2049 935 2124 serpens,
959 2025 1023 2096 etsi
1048 2025 1153 2098 fatear
1178 2052 1253 2099 eum
1278 2053 1330 2100 me
1354 2053 1414 2100 nun

357 2128 487 2231 legisse
513 2129 708 2227 tricipitem,
727 2137 765 2196 ut
781 2149 844 2198 nce
868 2125 1050 2226 tricipitem
1075 2151 1229 2225 nmquam
1246 2128 1315 2224 legi
1333 2128 1413 2200 Ler-
1462 2179 1464 2228 3

357 2239 472 2305 nucum
497 2228 662 2328 Hydram.
689 2225 732 2298 Id
756 2250 837 2298 roro
862 2251 930 2298 non
968 2240 1020 2298 cst
1057 2227 1176 2314 mirum
1212 2229 1246 2299 in
1275 2229 1410 2299 Etnrsed

351 2327 617 2430 ‘Hierugruphib
646 2325 868 2422 Quamobrem
885 2327 1213 2400 arbitrorArtisreem
1243 2327 1413 2401 Etruscum

360 2430 495 2506 finxisse
519 2429 576 2520 bio
600 2427 684 2502 alias
710 2427 829 2520 Lusus,
857 2427 945 2499 alios
967 2426 1236 2520 Gacodacmones
1253 2431 1364 2504 turbas
1380 2440 1413 2501 ct

337 2533 523 2610 -rumores‘
537 2541 618 2630 post
642 2527 820 2602 Herculem
844 2531 990 2603 movisse
1009 2581 1020 2621 ,
1039 2543 1076 2600 ut
1092 2530 1158 2602 iter
1184 2544 1339 2630 coeptum
1362 2529 1415 2602 ab·
1462 2561 1463 2572 ι

355 2629 570 2734 rumperet:
614 2627 662 2704 Aa
685 2653 753 2700 uon
777 2630 927 2702 valuisse
951 2656 972 2702 u
997 2643 1120 2726 coepto
1156 2654 1255 2705 eursu
1281 2645 1316 2706 ει
1340 2655 1416 2732 pro·
1462 2691 1463 2734 p

275 2748 277 2761 ¹
355 2739 482 2834 ‘posito
508 2731 710 2806 abstrahere.
738 2727 823 2802 Esse
848 2745 957 2803 autem
982 2729 1159 2804 Herculem
1185 2745 1220 2803 et
1237 2733 1414 2806 Minervam
1462 2737 1463 2774 ³

361 2835 462 2910 initio
487 2847 682 2932 coeptorum
707 2841 742 2901 ct
766 2829 920 2903 laborum
944 2843 1146 2929 argumente
1164 2846 1258 2906 certo
1276 2849 1327 2906 est
1343 2831 1414 2906 Vir·

362 2959 433 3034 ga,
459 2958 556 3032 quum
580 2956 678 3006 manu
703 2955 763 3001 sua
780 2931 890 3028 babet
914 2930 1066 3004 Minerva
1083 2931 1139 3004 Xl
1164 2933 1302 3007 lineolis
1327 2945 1414 3006 nutu-

327 3064 329 3069 ·
358 3047 429 3106 tum
453 3047 488 3106 et
512 3029 667 3125 divisum,
694 3031 816 3130 quibos
842 3029 995 3105 Labores
1011 3032 1105 3129 ipsos
1124 3031 1307 3132 significari
1324 3059 1414 3134 uper
1461 3061 1462 3103 ς

306 3155 312 3164 ·
348 3146 434 3204 'tum
460 3145 524 3224 est,
552 3135 623 3206 sire
649 3133 729 3232 qnia
752 3157 818 3206 nna
843 3157 884 3227 ex
909 3130 995 3204 XII.
1025 3133 1163 3208 lineolis
1179 3135 1313 3229 abrasa,
1350 3135 1415 3208 sire

347 3223 443 3334 ‘quia
468 3235 723 3338 Hierograpbu's
749 3234 889 3333 primum
913 3231 1039 3332 Leonis
1057 3233 1175 3310 Nemci
1200 3237 1297 3342 quusi
1321 3259 1413 3335 pera·

361 3349 448 3410 ctum
472 3359 540 3410 non
565 3336 797 3408 numeraverit.

409 3434 473 3509 Vl.
501 3433 658 3510 Hercules
684 3435 846 3510 Etruscus
870 3441 919 3508 ad
942 3436 1126 3512 Atlantem.

411 3537 573 3608 Micelius
598 3537 634 3608 in
658 3535 812 3610 Menum.
841 3538 931 3609 Jtat
950 3537 1036 3608 Tab.
1051 3540 1111 3610 36.
1141 3539 1177 3609 3.
1208 3538 1320 3616 edidit
1337 3541 1415 3636 spe-

362 3636 473 3709 culum
499 3635 636 3708 funebre
662 3663 731 3736 quo
757 3638 902 3710 cernitur
926 3638 1084 3708 Herculea
1113 3639 1302 3713 Candaules
1337 3631 1417 3716 vitta

351 3741 464 3836 ¹caput
488 3737 727 3835 praecinctum,
753 3731 875 3809 deutra¹
898 3735 1036 3823 claram,
1066 3738 1201 3809 sinistra
1226 3740 1327 3810 Poma
1353 3743 1418 3811 He

350 3835 533 3938 'speridum
556 3837 624 3910 iam
649 3837 795 3911 collecta
819 3849 946 3906 tenens.
976 3833 1096 3920 Coram
1122 3849 1188 3910 stat
1214 3837 1276 3910 Vir
1300 3839 1418 3938 ingens

347 3937 649 4015 'nudus'barbatus
674 3933 982 4034 magnumpondus
1007 3935 1104 4030 qnasi
1143 3960 1256 4011 saxum
1293 3936 1416 4013 cervici

346 4037 556 4139 ¹impositum
580 4037 738 4110 ambabus
763 4032 912 4106 matribus
931 4047 1062 4105 ‘teneus
1095 4038 1279 4136 inscriptus
1303 4061 1411 4126 aare,

269 4210 273 4220 ,
363 4138 525 4218 Hercules
548 4165 628 4218 uero
653 4161 839 4232 neurius,
867 4161 935 4212 nou
960 4160 1111 4236 annana,
1138 4153 1175 4214 ut
1199 4166 1302 4242 prere
1315 4139 1414 4218 edidit
