2924 5036
338 379 455 433 uorum
480 367 533 429 tot
558 354 679 430 adsunt
704 345 891 452 argumenti
915 356 1216 452 Aapoyrauturum',
1259 365 1301 426 ut
1326 380 1397 427 om-

338 456 492 534 nial'ere
517 456 670 530 adhunc
696 455 866 528 Nautieam
892 455 1138 554 expeditionem
1164 454 1280 527 referri
1306 455 1398 526 Neu·

337 570 438 632 tonus
463 555 635 657 professus
660 555 773 645 inerit,
801 552 839 624 id
864 579 936 626 esse
962 576 1026 628 nou
1052 552 1246 650 potuit'nisi
1262 558 1345 626 curt
1362 571 1395 627 et

340 659 457 731 studio
482 656 693 729 Milesiorum
708 669 754 724 xet
777 652 949 726 Joniorum
967 655 1203 748 Mereatorum,
1223 671 1258 726 et
1277 653 1394 727 Astro-

340 781 527 848 nomornm,
554 757 629 854 qui¹¹
639 753 885 852 expeditionem
914 753 1008 825 illam
1033 753 1276 851 impensissime
1306 753 1393 826 cela·

340 856 478 946 brarunt
503 869 537 928 et
562 855 749 946 coluerunt.

392 949 543 1030 5.'‘l'nm
567 956 598 1026 si
625 955 775 1040 Pontus,
802 951 1038 1049 Cappadocia,
1067 951 1206 1044 Cilicio,
1235 950 1390 1049 Assyria,

336 1057 539 1144 Palaestina,
559 1053 705 1126 aJoniis
731 1051 977 1145 Mercatoribus
1002 1066 1193 1151 peragrata,
1215 1045 1393 1126 Perseida·

335 1182 410 1229 rum
436 1156 545 1254 gloria
569 1167 604 1225 et
629 1153 853 1243 Monumentis
878 1152 1025 1250 repleta:
1054 1153 1091 1222 Si
1133 1153 1277 1224 Coelnm
1304 1153 1393 1223 Nor-

335 1255 443 1328 tienm
467 1252 687 1338 assumserat
712 1252 887 1351 oppletum
930 1251 1102 1348 Symbolis
1129 1245 1329 1324 Perseidum
1353 1251 1387 1326 id

330 1355 407 1428 nisi
434 1381 453 1428 a
479 1347 723 1428 Mercatoribus
765 1364 800 1424 at
841 1349 1051 1425 Astronomis
1092 1351 1201 1424 Juniis
1228 1351 1306 1426 fieri
1330 1377 1390 1425 non

369 1455 472 1527 osuit.
867 1458 869 1464 '
1019 1449 1021 1456 ’

335 1481 363 1556 P
395 1557 430 1628 6.
461 1553 548 1646 Quin
574 1551 652 1624 data
679 1575 782 1650 opera
807 1551 848 1623 ab
873 1549 1081 1625 Astronomis
1106 1550 1317 1650 potissimum
1340 1549 1393 1622 Bi·

339 1645 455 1756 tltyui's
480 1667 518 1726 ut
543 1677 656 1724 eorum
680 1653 794 1724 Patria
822 1664 936 1748 aperte
960 1652 1080 1724 suisset
1104 1652 1249 1724 iudicata
1276 1664 1312 1724 et
1336 1650 1390 1723 de·

342 1767 536 1829 monstrata.
566 1751 651 1826 Num
678 1753 779 1826 Aries
808 1752 984 1822 Cleostruti
1008 1767 1059 1823 est
1083 1749 1182 1824 Aries
1203 1751 1392 1850 Hellespon·

342 1860 434 1930 tius:
467 1853 599 1926 Taurus
625 1851 805 1944 foemineos
830 1863 883 1922 est
908 1851 1018 1923 Mater
1042 1853 1098 1944 Jo,
1126 1851 1180 1924 vel
1206 1851 1307 1922 Pater
1331 1849 1390 1924 Ja-

342 1983 424 2045 uan,
449 1951 537 2044 Jon3
565 1941 695 2023 Gemini
719 1965 794 2048 sunt
819 1949 963 2046 Gemelli
994 1952 1106 2048 Cobiri
1130 1950 1387 2039 Samothraces3

345 2055 476 2126 Cancer
499 2065 551 2124 est
574 2041 701 2127 Cancer
725 2051 866 2122 Junouis
891 2049 1039 2142 Somiue;
1066 2054 1133 2124 Leo
1159 2050 1312 2146 Herculis
1337 2050 1390 2121 Βί-

338 2147 377 2222 tb
402 2153 482 2241 nici3
501 2151 598 2243 quo
624 2149 764 2224 refertur
790 2152 886 2224 etiam
904 2163 938 2220 et
963 2152 1099 2224 maxime
1116 2151 1159 2226 ad
1177 2153 1320 2222 Sorores
1333 2150 1393 2223 Fa·
1450 2241 1451 2246 ἵ

274 2303 279 2314 .
337 2175 436 2338 ales,
463 2248 507 2322 ad
532 2250 727 2346 Adrastiuna
752 2251 989 2350 Bithynicam
1014 2265 1047 2321 et
1073 2253 1121 2322 itu
1136 2277 1264 2348 porro.
1450 2257 1451 2344 ,

390 2349 494 2420 Suos.
524 2347 627 2422 Xlll.
661 2351 715 2420 De
753 2352 901 2424 Zodiaei
927 2351 1081 2425 'lunaria
1119 2357 1241 2450 enipius
1272 2365 1303 2423 et
1327 2357 1389 2443 for·
1450 2353 1451 2430 l

346 2457 502 2526 motione.
927 2505 928 2524 .
998 2497 1002 2504 -
1450 2449 1451 2463 ’

395 2552 432 2620 l.
467 2545 652 2626 Zodiaonm
672 2549 855 2639 bunonem,
881 2575 981 2650 quom
1004 2551 1072 2622 late
1097 2551 1300 2649 adoptarunt
1314 2545 1392 2624 Ara·

281 2735 284 2742 ⁴
343 2649 418 2742 bas,
444 2647 614 2746 Coptitae,
644 2650 777 2738 Persae,
806 2649 895 2740 Indi,
924 2653 1078 2746 Sineuses
1103 2677 1142 2724 ex
1159 2650 1386 2722 ZodiaooSo·

347 2751 413 2824 luri
439 2763 474 2846 et
497 2747 628 2820 Graeco
653 2749 756 2819 luisse
780 2744 921 2846 primum
946 2751 1089 2826 divisum
1115 2765 1148 2822 et
1165 2751 1302 2823 fractum
1318 2749 1389 2848 pla·

343 2875 386 2926 ue
412 2861 538 2920 eertum
563 2860 615 2918 est
640 2862 740 2950 atque
765 2848 1002 2946 exploratum,
1046 2851 1124 2950 ipso
1151 2851 1319 2954 Dupuisio
1343 2848 1387 2921 la·
1449 2935 1450 2944 ἵ

342 2961 448 3024 lente.
1293 2969 1308 2978 ⁹
1449 3009 1450 3026 2

390 3053 428 3120 2.
458 3045 565 3138 Quum
590 3044 710 3121 Graeoi
736 3069 909 3149 numquam
930 3048 1147 3123 adhibuerint
1170 3075 1231 3122 nee
1256 3073 1388 3146 recepe·

341 3149 409 3228 rint
433 3148 622 3220 Zodiaoum
646 3147 831 3241 Lanarum,
851 3162 886 3220 et
901 3150 1001 3223 etiam
1018 3150 1188 3250 ignorasse
1205 3151 1271 3224 visi
1295 3165 1382 3242 sunt,
1449 3179 1450 3232 ,

342 3251 506 3331 Auctores
528 3247 605 3340 ¹eius
630 3273 804 3350 numquam
829 3261 939 3322 erunt.

393 3350 430 3420 3.
459 3347 509 3419 Ex
538 3346 703 3419 Gentibus
729 3349 1140 3450 Transeupbrutensibus,
1184 3375 1272 3452 quae
1313 3353 1386 3425 Zo-

343 3453 476 3524 da'uoum
502 3447 667 3520 Lunurom
693 3465 889 3546 receperunt
913 3452 1006 3524 nulla
1031 3475 1140 3528 earum
1170 3451 1286 3524 baberi
1328 3477 1388 3549 po·

343 3563 411 3620 test
433 3548 506 3626 eius
531 3546 696 3620 inventrix
721 3562 760 3620 et
780 3549 1062 3645 lormatrix;Quia
1088 3551 1269 3624 Zodiuoum
1296 3552 1390 3624 Sola-

341 3673 411 3728 rem
435 3647 617 3746 genitorem
642 3645 761 3719 leuiter
787 3664 821 3719 et
838 3651 978 3726 tenuiter
996 3666 1119 3724 tantum
1139 3669 1315 3742 noverunt,
1336 3667 1386 3721 ut·
1448 3739 1449 3744 ἵ

344 3773 411 3854 que
435 3749 661 3828 adiumentum
684 3762 721 3819 at
744 3749 990 3840 auxilinm,non
1006 3767 1043 3823 ut
1059 3749 1301 3826 fundamentum
1318 3752 1385 3858 pri·
1448 3791 1449 3842 3

343 3875 431 3928 mum
457 3861 491 3918 et
516 3847 693 3942 originale.
816 3901 820 3922 .
914 3929 918 3936 ,
968 3840 976 3854 ’
1448 3907 1449 3918 ,

318 4031 320 4036 ,
394 3951 432 4022 lt.
462 3947 530 4019 Uni
547 3947 683 4046 *Arabes‘
709 3959 848 4038 restant,
875 3949 934 4046 qui
960 3949 1024 4021 iam
1051 3951 1094 4024 ab
1119 3964 1229 4035 aetate
1254 3949 1385 4048 Pompei
1448 3919 1449 4012 l

341 4061 378 4126 st
399 4043 553 4129 caestus
578 4071 715 4150 magnae
738 4045 844 4152 partis
873 4047 1080 4125 Palaestinae
1104 4066 1138 4123 et
1163 4049 1283 4150 Syriae
1325 4055 1382 4126 do·
