2924 5024
356 430 402 508 tit
421 449 483 510 =est
508 434 641 538 habitu,
669 441 729 536 qui
753 437 973 536 Proserpinae
997 435 1159 534 proprius
1173 429 1301 535 pd‘b93
1323 435 1410 509 450.

358 532 405 606 Et
430 537 577 610 taudem.
607 539 643 610 5.
672 541 708 612 in
734 540 840 636 Signo
866 538 1053 627 Perusino,
1080 533 1174 632 quod
1199 558 1294 606 nemo
1318 560 1413 630 quem

357 635 608 729 retinendis,
636 637 819 736 descripsit
844 663 925 710 vero
952 633 1210 733 Vermigliolius
1236 633 1271 706 in
1298 637 1411 706 lorriz.

268 747 287 804 j
356 731 478 833 Pomp.
506 735 536 806 l.
563 761 644 834 pag.
674 740 736 810 44.
768 743 829 814 50.
857 739 916 835 qui
942 738 1080 834 insuper
1104 733 1411 822 4551555555ῐυὶ5-

358 857 395 906 55
420 834 485 907 hoo
510 836 663 912 lemmate
687 852 852 926 anetum:
888 863 1040 912 renunes
1082 858 1270 907 rnnnnsrns
1289 859 1407 930 sunu:

356 933 500 1007 Scilicet
524 951 562 1006 ut
586 938 798 1037 interpretati
824 962 935 1009 sumus
961 937 994 1007 in
1026 937 1120 1008 Tcnt.
1142 936 1255 1006 Horra.
1275 929 1350 1005 Etr.
1372 960 1406 1032 p.

359 1032 444 1104 444.
485 1036 569 1107 145.
598 1037 866 1136 Hiero-Aqalma
890 1043 1067 1136 pendentis
1086 1039 1199 1108 adbuc
1225 1033 1408 1107 Hominibus

196 1241 200 1249 ⁸
250 1179 252 1184 -
355 1133 475 1206 aulatis
499 1152 530 1208 ot
554 1141 762 1226 redemtionis
786 1139 880 1237 Spei:
896 1163 965 1236 que
984 1161 1061 1208 vern
1086 1149 1121 1208 ct
1144 1133 1316 1233 profunda
1333 1134 1405 1206 Pro·

355 1241 510 1332 scopinae
540 1236 712 1311 Gobii-icae
738 1254 854 1312 natura
880 1237 1099 1328 continetur,
1127 1249 1162 1306 et
1188 1235 1273 1306 sutis
1299 1247 1405 1330 aperte

356 1333 597 1434 manifestatur.
626 1339 893 1417 Maleuentum
922 1327 1113 1410 655555555-
1135 1361 1207 1406 esso
1233 1335 1403 1432 proprium

356 1431 609 1532 Deluneterem,
629 1453 663 1510 ot
679 1465 719 1512 ex
744 1439 946 1512 testimoniis
959 1462 1055 1535 ,quae
1073 1434 1294 1508 indicarimus
1310 1433 1402 1506 colli·
1451 1471 1452 1500 r

154 1605 157 1612 .
270 1537 272 1542 ’
355 1533 458 1632 giler,
486 1550 521 1610 et
545 1565 584 1612 cx
609 1539 763 1637 plurimis
788 1539 984 1613 funebribus
1011 1534 1248 1628 Monumentis‚
1278 1533 1312 1604 in
1338 1533 1403 1630 qui·

353 1633 416 1706 hus
433 1635 712 1714 Poma-Gronato
730 1655 806 1712 suut
823 1639 1009 1736 exsculpta,
1024 1637 1072 1708 ita
1086 1650 1122 1708 ut
1136 1633 1297 1706 Manibus
1316 1633 1401 1705 otiam
1451 1645 1452 1678 ¹

204 1807 208 1834 ‚
357 1733 570 1813 Mortuerum
595 1753 855 1838 opponerentur.
876 1739 959 1814 Vid.
980 1733 1204 1810 Bonaretaad
1219 1735 1397 1832 Dompstor.

356 1835 444 1906 Tab.
466 1837 527 1910 82.
548 1865 585 1937 p.
610 1843 669 1914 t9.
698 1841 873 1914 Mioalium
890 1838 979 1912 Tub.
1000 1841 1085 1910 405.
1100 1833 1337 1934 lughirumium
1347 1833 1402 1906 Sc·

354 1940 403 2008 rio
429 1934 491 2010 Vl.
522 1941 609 2014 Tib.
639 1941 684 2011 H.
713 1945 752 2014 2.
1119 2015 1124 2020 ,

400 2035 448 2107 ll.
471 2035 667 2140 Proserpina
684 2041 805 2144 Elysio
823 2041 885 2111 alis
901 2038 1028 2128 solidis,
1044 2053 1074 2108 et
1092 2037 1229 2108 brachio
1247 2037 1398 2106 inuoluto.

402 2135 441 2210 lu
460 2135 579 2211 Museo
609 2141 741 2214 Clusino
767 2141 796 2210 l.
826 2139 915 2212 Tah.
944 2135 980 2209 b.
1008 2162 1045 2234 p.
1075 2137 1111 2208 8.
1140 2149 1175 2205 et
1196 2136 1230 2206 in
1248 2134 1394 2204 Menum.

352 2235 465 2308 ltolio.
495 2238 626 2311 Mioalii
653 2241 742 2312 Tab.
770 2237 930 2312 XXXV.
958 2265 993 2310 n.
1026 2239 1084 2308 ll.
1113 2237 1212 2306 Tem.
1232 2233 1295 2304 Ill.
1316 2257 1394 2330 pag.

354 2338 416 2405 50.
444 2334 572 2408 editum
598 2339 757 2438 Sigillum
783 2341 972 2429 Etruscum,
1001 2363 1068 2436 que
1088 2334 1257 2408 exhibetur
1275 2332 1397 2403 Mulier
1450 2337 1451 2360 ³

351 2457 477 2524 corona
501 2437 631 2512 radiata
657 2453 758 2538 caput
778 2439 986 2538 praecinctu,
1015 2437 1123 2510 oculis
1148 2435 1244 2534 quusi
1261 2431 1396 2521 clausis,

354 2549 446 2607 veste
471 2537 644 2631 adstricta,
662 2554 697 2612 et
714 2566 812 2638 qnam
829 2539 991 2638 sperantis
1008 2537 1136 2628 habitu,
1157 2536 1290 2606 sinistra
1307 2557 1397 2606 manu

352 2635 499 2710 adtrahit
525 2692 536 2732 ,
581 2633 699 2714 dextro
725 2639 862 2712 brachie
888 2653 1027 2730 erecto,
1056 2638 1116 2710 scd
1141 2637 1282 2709 fasciato
1307 2633 1398 2722 invo-¹

352 2733 427 2806 lute
452 2737 597 2812 infermi.
627 2743 702 2813 Hoc
725 2755 835 2812 aetem
852 2740 956 2837 Signo
983 2765 1047 2812 una
1065 2738 1263 2836 Proserpina
1282 2735 1409 2835 Elysia

293 2891 297 2896 .
353 2835 468 2934 putuit
491 2834 689 2938 significari.
707 2841 755 2912 Ea
781 2840 869 2912 enim
895 2838 1009 2910 lueida
1034 2852 1085 2910 est
1109 2853 1143 2909 et
1168 2837 1316 2928 radians,
1344 2834 1400 2905 Po·

350 2935 467 3032 erpone
484 2953 549 3027 eet,
570 2939 631 3014 sed
655 2941 800 3040 quiescit
825 2939 934 3012 oculis
959 2939 1082 3012 eleusis
1100 2940 1133 3010 iu
1151 2941 1312 3028 Tartaro,
1331 2959 1399 3034 pre·

351 3048 484 3109 menter
508 3039 617 3114 adhuc
642 3042 808 3116 naturales
834 3041 908 3114 alae
932 3065 1009 3111 seue
1026 3039 1150 3137 ingenti
1168 3037 1335 3136 pendere,
1352 3061 1400 3106 so·

351 3132 441 3208 lidae
466 3137 576 3216 adhuc
601 3159 691 3237 sunt,
720 3168 786 3216 non
811 3141 903 3214 leves
929 3154 962 3212 et
986 3139 1123 3236 agiles,
1152 3142 1226 3212 cius
1251 3137 1399 3236 potentia

352 3233 529 3334 impedita,
557 3268 672 3316 munus
698 3243 877 3330 obvoluta,
893 3240 1076 3332 ¹clauditur
1102 3239 1260 3331 Tartaro,
1280 3245 1402 3312 moeret

351 3334 390 3408 in
419 3335 552 3436 Elysio:
579 3344 648 3416 Sed
674 3359 787 3442 sperat
813 3343 921 3416 redire
946 3341 991 3416 ad
1004 3339 1197 3441 Olympum,
1211 3355 1333 3440 ¹sperat
1351 3362 1401 3410 se·

351 3433 532 3514 rediturum
557 3444 592 3518 in
616 3445 760 3517 Patriam
782 3445 979 3518 coelestem.
1197 3449 1200 3456 ’
1252 3449 1255 3459 ’

300 3560 311 3628 ζ
402 3535 467 3644 lll·
496 3538 693 3644 Proserpina
718 3546 841 3646 Elysia
866 3550 1025 3618 reditura.
1311 3605 1314 3610 .

403 3639 642 3744 Milliugenius
666 3647 700 3718 in
724 3645 816 3722 Serio
840 3647 872 3718 l.
900 3646 1046 3718 Anoiont
1072 3647 1233 3716 unodited.
1250 3643 1399 3720 Monam.

353 3753 416 3812 ete.
443 3741 531 3816 Tae.
560 3743 705 3820 XXIX:
734 3771 816 3845 pag.
847 3745 906 3834 Ἱβ.
937 3745 1000 3817 77.
1028 3743 1147 3816 Edidit
1172 3745 1241 3818 Vas
1277 3744 1402 3840 pictum

354 3842 486 3942 egregii
512 3847 655 3944 operis,
696 3871 764 3944 quo
791 3843 964 3918 exhibetur
988 3844 1113 3944 pulcra·
1131 3845 1248 3918 Puella
1273 3837 1403 3954 duplici

243 4001 245 4006 .
343 3943 467 4018 ¹tunica
492 3943 722 4020 decentissime
738 3945 871 4038 vestita,
889 3946 1016 4044 mugnis
1040 3944 1103 4016 alie
1129 3960 1161 4016 et
1186 3944 1327 4018 elevatis
1353 3965 1401 4010 rn-

355 4055 484 4140 ttrectu
503 4097 514 4134 ,
533 4047 678 4152 ‘capillis
703 4047 850 4146 prolixis
876 4047 986 4144 passis
1011 4060 1046 4118 et
1070 4045 1226 4144 sparsis,
1256 4041 1399 4142 pedibus

354 4145 470 4244 fludio,
489 4147 633 4248 ¹sinistro
658 4173 752 4226 manu
770 4145 936 4249 scaptium
960 4145 1399 4246 llimnooephuluurgersna

1445 4226 1448 4234 a
