<?xml version="1.0" encoding="UTF-8"?>
<!DOCTYPE html PUBLIC "-//W3C//DTD XHTML 1.0 Transitional//EN"
    "http://www.w3.org/TR/xhtml1/DTD/xhtml1-transitional.dtd">
<html xmlns="http://www.w3.org/1999/xhtml" xml:lang="en" lang="en">
 <head>
  <title>
</title>
<meta http-equiv="Content-Type" content="text/html;charset=utf-8" />
  <meta name='ocr-system' content='tesseract 3.04.00' />
  <meta name='ocr-capabilities' content='ocr_page ocr_carea ocr_par ocr_line ocrx_word'/>
</head>
<body>
  <div class='ocr_page' id='page_1' title='image "./tentaminahierog00janngoog_0242.png"; bbox 0 0 2924 5024; ppageno 0'>
   <div class='ocr_carea' id='block_1_1' title="bbox 39 372 1209 3364">
    <p class='ocr_par' dir='ltr' id='par_1_1' title="bbox 39 372 1209 2161">
     <span class='ocr_line' id='line_1_1' title="bbox 983 372 1056 441; baseline 0 0"><span class='ocrx_word' id='word_1_1' title='bbox 983 372 1056 441; x_wconf 70' lang='lat'>243</span> 
     </span>
     <span class='ocr_line' id='line_1_2' title="bbox 59 467 1106 568; baseline 0 -26"><span class='ocrx_word' id='word_1_2' title='bbox 59 480 228 567; x_wconf 86' lang='lat' dir='ltr'>appetunt,</span> <span class='ocrx_word' id='word_1_3' title='bbox 254 484 287 544; x_wconf 87' lang='lat' dir='ltr'>et</span> <span class='ocrx_word' id='word_1_4' title='bbox 311 467 436 568; x_wconf 81' lang='lat' dir='ltr'>quibus</span> <span class='ocrx_word' id='word_1_5' title='bbox 460 469 616 542; x_wconf 89' lang='lat' dir='ltr'>comestis</span> <span class='ocrx_word' id='word_1_6' title='bbox 641 467 724 541; x_wconf 84' lang='lat' dir='ltr'>finnt</span> <span class='ocrx_word' id='word_1_7' title='bbox 748 467 960 568; x_wconf 76' lang='lat' dir='ltr'><strong><em>Proserpinae</em></strong></span> <span class='ocrx_word' id='word_1_8' title='bbox 986 471 1106 543; x_wconf 73' lang='lat' dir='ltr'>&#39;l’erre-</span> 
     </span>
     <span class='ocr_line' id='line_1_3' title="bbox 58 569 1104 666; baseline 0.003 -26"><span class='ocrx_word' id='word_1_9' title='bbox 58 585 138 641; x_wconf 86' lang='lat' dir='ltr'>stres</span> <span class='ocrx_word' id='word_1_10' title='bbox 165 584 200 644; x_wconf 86' lang='lat' dir='ltr'>et</span> <span class='ocrx_word' id='word_1_11' title='bbox 227 571 447 658; x_wconf 83' lang='lat' dir='ltr'>Tartaricne,</span> <span class='ocrx_word' id='word_1_12' title='bbox 480 583 515 640; x_wconf 89' lang='lat' dir='ltr'>et</span> <span class='ocrx_word' id='word_1_13' title='bbox 540 569 623 640; x_wconf 86' lang='lat' dir='ltr'>Fato</span> <span class='ocrx_word' id='word_1_14' title='bbox 666 570 888 666; x_wconf 71' lang='lat' dir='ltr'>generationis</span> <span class='ocrx_word' id='word_1_15' title='bbox 917 570 1104 643; x_wconf 86' lang='lat' dir='ltr'>subiectae.</span> 
     </span>
     <span class='ocr_line' id='line_1_4' title="bbox 55 669 1184 767; baseline 0.004 -27"><span class='ocrx_word' id='word_1_16' title='bbox 55 671 138 742; x_wconf 90' lang='lat' dir='ltr'>Haec</span> <span class='ocrx_word' id='word_1_17' title='bbox 162 673 275 743; x_wconf 73' lang='lat' dir='ltr'>Amor</span> <span class='ocrx_word' id='word_1_18' title='bbox 298 683 349 752; x_wconf 86' lang='lat' dir='ltr'>est</span> <span class='ocrx_word' id='word_1_19' title='bbox 372 669 466 765; x_wconf 90' lang='lat' dir='ltr'>pieta</span> <span class='ocrx_word' id='word_1_20' title='bbox 491 669 525 740; x_wconf 91' lang='lat' dir='ltr'>in</span> <span class='ocrx_word' id='word_1_21' title='bbox 550 669 765 752; x_wconf 79' lang='lat' dir='ltr'>Dramatibus</span> <span class='ocrx_word' id='word_1_22' title='bbox 797 674 970 751; x_wconf 78' lang='lat' dir='ltr'>Vesorum.</span> <span class='ocrx_word' id='word_1_23' title='bbox 1001 669 1108 767; x_wconf 90' lang='lat' dir='ltr'>Nym·</span> <span class='ocrx_word' id='word_1_24' title='bbox 1180 747 1184 752; x_wconf 77' lang='grc'><em>,</em></span> 
     </span>
     <span class='ocr_line' id='line_1_5' title="bbox 39 767 1107 866; baseline 0 -26"><span class='ocrx_word' id='word_1_25' title='bbox 39 771 332 865; x_wconf 78' lang='lat' dir='ltr'>phac-adstantes</span> <span class='ocrx_word' id='word_1_26' title='bbox 348 781 434 852; x_wconf 69' lang='lat' dir='ltr'>,sunt</span> <span class='ocrx_word' id='word_1_27' title='bbox 462 767 700 866; x_wconf 76' lang='lat' dir='ltr'>Genesiarpac,</span> <span class='ocrx_word' id='word_1_28' title='bbox 720 771 803 842; x_wconf 87' lang='lat' dir='ltr'>illae</span> <span class='ocrx_word' id='word_1_29' title='bbox 820 785 921 860; x_wconf 88' lang='lat' dir='ltr'>sunt,</span> <span class='ocrx_word' id='word_1_30' title='bbox 949 793 1033 866; x_wconf 89' lang='lat' dir='ltr'>quae</span> <span class='ocrx_word' id='word_1_31' title='bbox 1058 769 1107 840; x_wconf 81' lang='lat' dir='ltr'>fa·</span> 
     </span>
     <span class='ocr_line' id='line_1_6' title="bbox 57 868 1107 966; baseline 0.001 -27"><span class='ocrx_word' id='word_1_32' title='bbox 57 870 118 940; x_wconf 90' lang='lat' dir='ltr'>eile</span> <span class='ocrx_word' id='word_1_33' title='bbox 141 884 176 941; x_wconf 85' lang='lat' dir='ltr'>ct</span> <span class='ocrx_word' id='word_1_34' title='bbox 202 873 315 944; x_wconf 88' lang='lat' dir='ltr'>statim</span> <span class='ocrx_word' id='word_1_35' title='bbox 338 868 552 960; x_wconf 82' lang='lat' dir='ltr'>volentibus,</span> <span class='ocrx_word' id='word_1_36' title='bbox 581 881 615 940; x_wconf 90' lang='lat' dir='ltr'>et</span> <span class='ocrx_word' id='word_1_37' title='bbox 640 869 708 966; x_wconf 90' lang='lat' dir='ltr'>ipsi</span> <span class='ocrx_word' id='word_1_38' title='bbox 734 869 868 946; x_wconf 82' lang='lat' dir='ltr'>Hereah&#39;</span> <span class='ocrx_word' id='word_1_39' title='bbox 880 871 1012 942; x_wconf 86' lang='lat' dir='ltr'>Pomnm</span> <span class='ocrx_word' id='word_1_40' title='bbox 1041 868 1107 940; x_wconf 83' lang='lat' dir='ltr'>Ge-</span> 
     </span>
     <span class='ocr_line' id='line_1_7' title="bbox 55 962 1107 1066; baseline -0.002 -26"><span class='ocrx_word' id='word_1_41' title='bbox 55 969 149 1041; x_wconf 82' lang='lat' dir='ltr'>nitale</span> <span class='ocrx_word' id='word_1_42' title='bbox 174 973 314 1044; x_wconf 89' lang='lat' dir='ltr'>tradunt</span> <span class='ocrx_word' id='word_1_43' title='bbox 339 983 374 1040; x_wconf 86' lang='lat' dir='ltr'>et</span> <span class='ocrx_word' id='word_1_44' title='bbox 398 967 535 1040; x_wconf 85' lang='lat' dir='ltr'>donant.</span> <span class='ocrx_word' id='word_1_45' title='bbox 564 967 663 1042; x_wconf 89' lang='lat' dir='ltr'>Etis</span> <span class='ocrx_word' id='word_1_46' title='bbox 688 962 873 1059; x_wconf 65' lang='lat' dir='ltr'>Hercules,</span> <span class='ocrx_word' id='word_1_47' title='bbox 914 971 973 1066; x_wconf 90' lang='lat' dir='ltr'>qui</span> <span class='ocrx_word' id='word_1_48' title='bbox 996 966 1107 1040; x_wconf 83' lang='lat' dir='ltr'>adstat</span> 
     </span>
     <span class='ocr_line' id='line_1_8' title="bbox 58 1067 1102 1166; baseline 0.001 -30"><span class='ocrx_word' id='word_1_49' title='bbox 58 1081 102 1138; x_wconf 90' lang='lat' dir='ltr'>cst</span> <span class='ocrx_word' id='word_1_50' title='bbox 125 1069 284 1144; x_wconf 79' lang='lat' dir='ltr'>Hercules</span> <span class='ocrx_word' id='word_1_51' title='bbox 309 1069 627 1162; x_wconf 72' lang='lat' dir='ltr'>Palinqeaesioeus,</span> <span class='ocrx_word' id='word_1_52' title='bbox 656 1071 715 1166; x_wconf 92' lang='lat' dir='ltr'>qui</span> <span class='ocrx_word' id='word_1_53' title='bbox 741 1071 825 1144; x_wconf 82' lang='lat' dir='ltr'>velit</span> <span class='ocrx_word' id='word_1_54' title='bbox 853 1071 971 1143; x_wconf 84' lang='lat' dir='ltr'>iterum</span> <span class='ocrx_word' id='word_1_55' title='bbox 997 1067 1102 1158; x_wconf 84' lang='lat' dir='ltr'>nasci,</span> 
     </span>
     <span class='ocr_line' id='line_1_9' title="bbox 58 1163 1104 1268; baseline 0.001 -32"><span class='ocrx_word' id='word_1_56' title='bbox 58 1167 105 1240; x_wconf 86' lang='lat' dir='ltr'>rel</span> <span class='ocrx_word' id='word_1_57' title='bbox 129 1169 164 1240; x_wconf 90' lang='lat' dir='ltr'>iu</span> <span class='ocrx_word' id='word_1_58' title='bbox 189 1171 330 1268; x_wconf 87' lang='lat' dir='ltr'>propria</span> <span class='ocrx_word' id='word_1_59' title='bbox 354 1168 471 1257; x_wconf 77' lang='lat' dir='ltr'>forma,</span> <span class='ocrx_word' id='word_1_60' title='bbox 497 1169 552 1241; x_wconf 87' lang='lat' dir='ltr'>vel</span> <span class='ocrx_word' id='word_1_61' title='bbox 577 1169 613 1240; x_wconf 91' lang='lat' dir='ltr'>iu</span> <span class='ocrx_word' id='word_1_62' title='bbox 637 1169 745 1241; x_wconf 75' lang='lat' dir='ltr'>torma</span> <span class='ocrx_word' id='word_1_63' title='bbox 771 1163 822 1243; x_wconf 83' lang='lat' dir='ltr'>siri</span> <span class='ocrx_word' id='word_1_64' title='bbox 853 1171 1004 1267; x_wconf 78' lang='lat' dir='ltr'>Telephi:</span> <span class='ocrx_word' id='word_1_65' title='bbox 1031 1169 1104 1240; x_wconf 86' lang='lat' dir='ltr'>vid.</span> 
     </span>
     <span class='ocr_line' id='line_1_10' title="bbox 58 1267 1107 1368; baseline 0.003 -31"><span class='ocrx_word' id='word_1_66' title='bbox 58 1271 205 1362; x_wconf 57' lang='lat' dir='ltr'>pectet</span> <span class='ocrx_word' id='word_1_67' title='bbox 209 1273 271 1342; x_wconf 86' lang='lat'>85.</span> <span class='ocrx_word' id='word_1_68' title='bbox 293 1267 560 1364; x_wconf 80' lang='lat' dir='ltr'>Adnotandaque</span> <span class='ocrx_word' id='word_1_69' title='bbox 579 1281 631 1340; x_wconf 87' lang='lat' dir='ltr'>est</span> <span class='ocrx_word' id='word_1_70' title='bbox 655 1269 882 1368; x_wconf 83' lang='lat' dir='ltr'>Hierographi</span> <span class='ocrx_word' id='word_1_71' title='bbox 896 1268 1048 1343; x_wconf 85' lang='lat' dir='ltr'>sollertia</span> <span class='ocrx_word' id='word_1_72' title='bbox 1071 1269 1107 1340; x_wconf 90' lang='lat' dir='ltr'>iu</span> 
     </span>
     <span class='ocr_line' id='line_1_11' title="bbox 58 1366 1107 1466; baseline -0.001 -28"><span class='ocrx_word' id='word_1_73' title='bbox 58 1368 188 1442; x_wconf 78' lang='lat' dir='ltr'><em>Hercule</em></span> <span class='ocrx_word' id='word_1_74' title='bbox 215 1371 322 1466; x_wconf 86' lang='lat' dir='ltr'>Typo</span> <span class='ocrx_word' id='word_1_75' title='bbox 348 1368 560 1442; x_wconf 87' lang='lat' dir='ltr'>Theandrico</span> <span class='ocrx_word' id='word_1_76' title='bbox 586 1369 825 1466; x_wconf 71' lang='lat' dir='ltr'>adponenda,</span> <span class='ocrx_word' id='word_1_77' title='bbox 854 1385 891 1441; x_wconf 90' lang='lat' dir='ltr'>ut</span> <span class='ocrx_word' id='word_1_78' title='bbox 931 1393 1049 1464; x_wconf 81' lang='lat' dir='ltr'>nempe</span> <span class='ocrx_word' id='word_1_79' title='bbox 1075 1366 1107 1438; x_wconf 86' lang='lat' dir='ltr'>si</span> 
     </span>
     <span class='ocr_line' id='line_1_12' title="bbox 59 1467 1209 1566; baseline 0.007 -30"><span class='ocrx_word' id='word_1_80' title='bbox 59 1467 133 1546; x_wconf 79' lang='lat' dir='ltr'>alite</span> <span class='ocrx_word' id='word_1_81' title='bbox 159 1470 315 1564; x_wconf 78' lang='lat' dir='ltr'>Psychae</span> <span class='ocrx_word' id='word_1_82' title='bbox 342 1468 385 1540; x_wconf 90' lang='lat' dir='ltr'>ad</span> <span class='ocrx_word' id='word_1_83' title='bbox 411 1469 668 1566; x_wconf 76' lang='lat' dir='ltr'>generationem,</span> <span class='ocrx_word' id='word_1_84' title='bbox 688 1485 722 1542; x_wconf 90' lang='lat' dir='ltr'>et</span> <span class='ocrx_word' id='word_1_85' title='bbox 747 1469 790 1541; x_wconf 86' lang='lat' dir='ltr'>ad</span> <span class='ocrx_word' id='word_1_86' title='bbox 816 1470 1007 1544; x_wconf 65' lang='lat' dir='ltr'>malacisso</span> <span class='ocrx_word' id='word_1_87' title='bbox 1032 1467 1116 1539; x_wconf 72' lang='lat' dir='ltr'>cur-&#39;</span> <span class='ocrx_word' id='word_1_88' title='bbox 1200 1523 1209 1544; x_wconf 91' lang='lat'><strong>.</strong></span> 
     </span>
     <span class='ocr_line' id='line_1_13' title="bbox 58 1567 1126 1666; baseline -0.001 -31"><span class='ocrx_word' id='word_1_89' title='bbox 58 1581 151 1659; x_wconf 88' lang='lat' dir='ltr'>rant,</span> <span class='ocrx_word' id='word_1_90' title='bbox 178 1569 269 1640; x_wconf 87' lang='lat' dir='ltr'>adsit</span> <span class='ocrx_word' id='word_1_91' title='bbox 294 1569 402 1640; x_wconf 84' lang='lat' dir='ltr'>Heres</span> <span class='ocrx_word' id='word_1_92' title='bbox 428 1567 640 1640; x_wconf 80' lang='lat' dir='ltr'>defensaret</span> <span class='ocrx_word' id='word_1_93' title='bbox 668 1581 822 1659; x_wconf 88' lang='lat' dir='ltr'>tutator,</span> <span class='ocrx_word' id='word_1_94' title='bbox 864 1569 953 1641; x_wconf 90' lang='lat' dir='ltr'>adsit</span> <span class='ocrx_word' id='word_1_95' title='bbox 977 1567 1126 1666; x_wconf 84' lang='lat' dir='ltr'>aliquis.</span> 
     </span>
     <span class='ocr_line' id='line_1_14' title="bbox 58 1665 1107 1756; baseline 0.001 -20"><span class='ocrx_word' id='word_1_96' title='bbox 58 1665 140 1738; x_wconf 89' lang='lat' dir='ltr'>Deus</span> <span class='ocrx_word' id='word_1_97' title='bbox 163 1666 375 1740; x_wconf 82' lang='lat' dir='ltr'>Alexicacus.</span> <span class='ocrx_word' id='word_1_98' title='bbox 405 1667 496 1738; x_wconf 89' lang='lat' dir='ltr'>Haeo</span> <span class='ocrx_word' id='word_1_99' title='bbox 520 1682 629 1756; x_wconf 74' lang='lat' dir='ltr'>autem</span> <span class='ocrx_word' id='word_1_100' title='bbox 654 1669 810 1742; x_wconf 85' lang='lat' dir='ltr'>Dramata</span> <span class='ocrx_word' id='word_1_101' title='bbox 835 1692 908 1740; x_wconf 82' lang='lat' dir='ltr'>esse</span> <span class='ocrx_word' id='word_1_102' title='bbox 934 1668 1107 1740; x_wconf 75' lang='lat' dir='ltr'>Genesion-</span> 
     </span>
     <span class='ocr_line' id='line_1_15' title="bbox 59 1765 1108 1865; baseline 0.002 -29"><span class='ocrx_word' id='word_1_103' title='bbox 59 1793 98 1859; x_wconf 73' lang='lat' dir='ltr'>qa</span> <span class='ocrx_word' id='word_1_104' title='bbox 121 1781 152 1838; x_wconf 83' lang='lat' dir='ltr'>et</span> <span class='ocrx_word' id='word_1_105' title='bbox 176 1767 452 1863; x_wconf 70' lang='lat' dir='ltr'>Palinqcnesiaca</span> <span class='ocrx_word' id='word_1_106' title='bbox 477 1765 703 1840; x_wconf 85' lang='lat' dir='ltr'>demonstrant</span> <span class='ocrx_word' id='word_1_107' title='bbox 741 1769 878 1865; x_wconf 84' lang='lat' dir='ltr'>insuper</span> <span class='ocrx_word' id='word_1_108' title='bbox 918 1767 1015 1840; x_wconf 82' lang='lat' dir='ltr'>Genii</span> <span class='ocrx_word' id='word_1_109' title='bbox 1039 1769 1108 1839; x_wconf 84' lang='lat' dir='ltr'>Ar·</span> 
     </span>
     <span class='ocr_line' id='line_1_16' title="bbox 57 1867 1163 1968; baseline 0.005 -34"><span class='ocrx_word' id='word_1_110' title='bbox 57 1869 237 1957; x_wconf 83' lang='lat' dir='ltr'>senothclcs,</span> <span class='ocrx_word' id='word_1_111' title='bbox 269 1868 327 1966; x_wconf 90' lang='lat' dir='ltr'>qui</span> <span class='ocrx_word' id='word_1_112' title='bbox 350 1868 484 1956; x_wconf 78' lang='lat' dir='ltr'>adsunt,</span> <span class='ocrx_word' id='word_1_113' title='bbox 511 1867 703 1968; x_wconf 88' lang='lat' dir='ltr'>Nymphae,</span> <span class='ocrx_word' id='word_1_114' title='bbox 713 1893 799 1964; x_wconf 88' lang='lat' dir='ltr'>quae</span> <span class='ocrx_word' id='word_1_115' title='bbox 825 1869 972 1956; x_wconf 81' lang='lat' dir='ltr'>arculas,</span> <span class='ocrx_word' id='word_1_116' title='bbox 991 1874 1104 1959; x_wconf 85' lang='lat' dir='ltr'>uittas,</span> <span class='ocrx_word' id='word_1_117' title='bbox 1160 1953 1163 1964; x_wconf 32' lang='grc'>1</span> 
     </span>
     <span class='ocr_line' id='line_1_17' title="bbox 58 1965 1100 2066; baseline 0.006 -34"><span class='ocrx_word' id='word_1_118' title='bbox 58 1969 179 2060; x_wconf 84' lang='lat' dir='ltr'>specula</span> <span class='ocrx_word' id='word_1_119' title='bbox 205 1979 348 2066; x_wconf 82' lang='lat' dir='ltr'>gestant,</span> <span class='ocrx_word' id='word_1_120' title='bbox 368 1967 529 2057; x_wconf 80' lang='lat' dir='ltr'>Anseres,</span> <span class='ocrx_word' id='word_1_121' title='bbox 551 1980 617 2040; x_wconf 88' lang='lat' dir='ltr'>ete.</span> <span class='ocrx_word' id='word_1_122' title='bbox 648 1969 756 2038; x_wconf 88' lang='lat' dir='ltr'>omnia</span> <span class='ocrx_word' id='word_1_123' title='bbox 782 1967 947 2065; x_wconf 61' lang='lat' dir='ltr'>symbolax</span> <span class='ocrx_word' id='word_1_124' title='bbox 964 1965 1100 2064; x_wconf 79' lang='lat' dir='ltr'>Genesi-</span> 
     </span>
     <span class='ocr_line' id='line_1_18' title="bbox 59 2068 944 2161; baseline 0.006 -27"><span class='ocrx_word' id='word_1_125' title='bbox 59 2091 148 2158; x_wconf 76' lang='lat' dir='ltr'>arqo,</span> <span class='ocrx_word' id='word_1_126' title='bbox 173 2080 206 2138; x_wconf 90' lang='lat' dir='ltr'>et</span> <span class='ocrx_word' id='word_1_127' title='bbox 232 2068 507 2161; x_wconf 74' lang='lat' dir='ltr'>Paliaqenesiaea</span> <span class='ocrx_word' id='word_1_128' title='bbox 532 2079 632 2155; x_wconf 90' lang='lat' dir='ltr'>certa,</span> <span class='ocrx_word' id='word_1_129' title='bbox 663 2079 696 2137; x_wconf 84' lang='lat' dir='ltr'>et</span> <span class='ocrx_word' id='word_1_130' title='bbox 722 2079 820 2139; x_wconf 88' lang='lat' dir='ltr'>stata.</span> <span class='ocrx_word' id='word_1_131' title='bbox 942 2076 944 2084; x_wconf 81' lang='grc'><strong>“</strong></span> 
     </span>
    </p>

    <p class='ocr_par' dir='ltr' id='par_1_2' title="bbox 61 2165 1142 3364">
     <span class='ocr_line' id='line_1_19' title="bbox 105 2165 1123 2264; baseline 0.004 -30"><span class='ocrx_word' id='word_1_132' title='bbox 105 2165 137 2234; x_wconf 78' lang='lat' dir='ltr'>lt.</span> <span class='ocrx_word' id='word_1_133' title='bbox 165 2167 301 2242; x_wconf 66' lang='lat' dir='ltr'>Taurus</span> <span class='ocrx_word' id='word_1_134' title='bbox 326 2169 519 2264; x_wconf 71' lang='lat' dir='ltr'>Pasiphaen,</span> <span class='ocrx_word' id='word_1_135' title='bbox 534 2182 565 2238; x_wconf 88' lang='lat' dir='ltr'>et</span> <span class='ocrx_word' id='word_1_136' title='bbox 578 2165 857 2240; x_wconf 80' lang='lat' dir='ltr'>Malo&#39;erBucera.</span> <span class='ocrx_word' id='word_1_137' title='bbox 880 2167 987 2263; x_wconf 81' lang='lat' dir='ltr'>Saepe</span> <span class='ocrx_word' id='word_1_138' title='bbox 1005 2165 1123 2238; x_wconf 71' lang='lat' dir='ltr'>etium‘</span> 
     </span>
     <span class='ocr_line' id='line_1_20' title="bbox 64 2260 1106 2364; baseline -0.002 -28"><span class='ocrx_word' id='word_1_139' title='bbox 64 2260 184 2338; x_wconf 81' lang='lat' dir='ltr'>Tantus</span> <span class='ocrx_word' id='word_1_140' title='bbox 207 2268 367 2364; x_wconf 77' lang='lat' dir='ltr'>adpictus</span> <span class='ocrx_word' id='word_1_141' title='bbox 391 2267 428 2340; x_wconf 85' lang='lat' dir='ltr'>in</span> <span class='ocrx_word' id='word_1_142' title='bbox 456 2267 565 2356; x_wconf 81' lang='lat' dir='ltr'>Vocis,</span> <span class='ocrx_word' id='word_1_143' title='bbox 592 2265 645 2337; x_wconf 82' lang='lat' dir='ltr'>vel</span> <span class='ocrx_word' id='word_1_144' title='bbox 671 2290 747 2338; x_wconf 91' lang='lat' dir='ltr'>acer</span> <span class='ocrx_word' id='word_1_145' title='bbox 764 2281 798 2337; x_wconf 86' lang='lat' dir='ltr'>et</span> <span class='ocrx_word' id='word_1_146' title='bbox 815 2267 920 2352; x_wconf 80' lang='lat' dir='ltr'>salax,</span> <span class='ocrx_word' id='word_1_147' title='bbox 940 2265 995 2338; x_wconf 87' lang='lat' dir='ltr'>vel</span> <span class='ocrx_word' id='word_1_148' title='bbox 1014 2279 1106 2337; x_wconf 89' lang='lat' dir='ltr'>actus</span> 
     </span>
     <span class='ocr_line' id='line_1_21' title="bbox 61 2365 1109 2464; baseline 0.001 -33"><span class='ocrx_word' id='word_1_149' title='bbox 61 2374 90 2431; x_wconf 92' lang='lat' dir='ltr'>et</span> <span class='ocrx_word' id='word_1_150' title='bbox 112 2366 272 2460; x_wconf 71' lang='lat' dir='ltr'>agitatae,</span> <span class='ocrx_word' id='word_1_151' title='bbox 292 2369 347 2441; x_wconf 84' lang='lat' dir='ltr'>vel</span> <span class='ocrx_word' id='word_1_152' title='bbox 366 2369 464 2439; x_wconf 89' lang='lat' dir='ltr'>etiam</span> <span class='ocrx_word' id='word_1_153' title='bbox 481 2391 663 2464; x_wconf 85' lang='lat' dir='ltr'>oppressus</span> <span class='ocrx_word' id='word_1_154' title='bbox 685 2391 707 2436; x_wconf 91' lang='lat' dir='ltr'>u</span> <span class='ocrx_word' id='word_1_155' title='bbox 721 2365 861 2439; x_wconf 77' lang='lat' dir='ltr'>Puellis&#39;:</span> <span class='ocrx_word' id='word_1_156' title='bbox 880 2365 971 2439; x_wconf 89' lang='lat' dir='ltr'>Vide</span> <span class='ocrx_word' id='word_1_157' title='bbox 991 2366 1109 2442; x_wconf 85' lang='lat' dir='ltr'>Passe-</span> 
     </span>
     <span class='ocr_line' id='line_1_22' title="bbox 61 2459 1105 2559; baseline -0.003 -27"><span class='ocrx_word' id='word_1_158' title='bbox 61 2459 98 2532; x_wconf 88' lang='lat' dir='ltr'>rii</span> <span class='ocrx_word' id='word_1_159' title='bbox 120 2465 201 2538; x_wconf 81' lang='lat' dir='ltr'>Piet.</span> <span class='ocrx_word' id='word_1_160' title='bbox 232 2493 276 2539; x_wconf 85' lang='lat' dir='ltr'>ex</span> <span class='ocrx_word' id='word_1_161' title='bbox 298 2469 401 2544; x_wconf 72' lang='lat' dir='ltr'>Varo:</span> <span class='ocrx_word' id='word_1_162' title='bbox 426 2467 456 2538; x_wconf 90' lang='grc' dir='ltr'>Ι.</span> <span class='ocrx_word' id='word_1_163' title='bbox 487 2466 575 2540; x_wconf 88' lang='lat' dir='ltr'>Tab.</span> <span class='ocrx_word' id='word_1_164' title='bbox 604 2466 639 2536; x_wconf 88' lang='grc'>3.</span> <span class='ocrx_word' id='word_1_165' title='bbox 668 2464 711 2538; x_wconf 91' lang='lat' dir='ltr'>ad</span> <span class='ocrx_word' id='word_1_166' title='bbox 739 2469 775 2540; x_wconf 82' lang='lat'>8.</span> <span class='ocrx_word' id='word_1_167' title='bbox 804 2480 869 2539; x_wconf 89' lang='lat' dir='ltr'>etc.</span> <span class='ocrx_word' id='word_1_168' title='bbox 897 2463 1025 2559; x_wconf 82' lang='lat' dir='ltr'>Aperte</span> <span class='ocrx_word' id='word_1_169' title='bbox 1053 2486 1105 2530; x_wconf 86' lang='lat' dir='ltr'>ar-</span> 
     </span>
     <span class='ocr_line' id='line_1_23' title="bbox 63 2564 1104 2662; baseline -0.008 -27"><span class='ocrx_word' id='word_1_170' title='bbox 63 2579 209 2656; x_wconf 79' lang='lat' dir='ltr'>gumento</span> <span class='ocrx_word' id='word_1_171' title='bbox 238 2593 311 2640; x_wconf 90' lang='lat' dir='ltr'>esse</span> <span class='ocrx_word' id='word_1_172' title='bbox 340 2569 485 2642; x_wconf 81' lang='lat' dir='ltr'>Taurum</span> <span class='ocrx_word' id='word_1_173' title='bbox 510 2564 759 2662; x_wconf 86' lang='lat' dir='ltr'>symbolicum,</span> <span class='ocrx_word' id='word_1_174' title='bbox 792 2566 937 2637; x_wconf 73' lang='lat' dir='ltr'>Tannum</span> <span class='ocrx_word' id='word_1_175' title='bbox 963 2573 1104 2632; x_wconf 85' lang='lat' dir='ltr'>amatum</span> 
     </span>
     <span class='ocr_line' id='line_1_24' title="bbox 65 2659 1104 2772; baseline -0.007 -38"><span class='ocrx_word' id='word_1_176' title='bbox 65 2685 83 2730; x_wconf 79' lang='lat' dir='ltr'>a</span> <span class='ocrx_word' id='word_1_177' title='bbox 104 2663 263 2764; x_wconf 78' lang='lat' dir='ltr'>Pamphae</span> <span class='ocrx_word' id='word_1_178' title='bbox 289 2668 360 2741; x_wconf 82' lang='lat' dir='ltr'>sive</span> <span class='ocrx_word' id='word_1_179' title='bbox 375 2668 514 2772; x_wconf 68' lang='lat' dir='ltr'>Psyche,</span> <span class='ocrx_word' id='word_1_180' title='bbox 534 2666 680 2736; x_wconf 82' lang='lat' dir='ltr'>Taurum</span> <span class='ocrx_word' id='word_1_181' title='bbox 696 2663 827 2736; x_wconf 90' lang='lat' dir='ltr'>Putrem</span> <span class='ocrx_word' id='word_1_182' title='bbox 840 2661 1038 2747; x_wconf 82' lang='lat' dir='ltr'>Minotauri,</span> <span class='ocrx_word' id='word_1_183' title='bbox 1058 2659 1104 2728; x_wconf 89' lang='lat' dir='ltr'>cb</span> 
     </span>
     <span class='ocr_line' id='line_1_25' title="bbox 65 2761 1104 2865; baseline -0.01 -28"><span class='ocrx_word' id='word_1_184' title='bbox 65 2785 150 2854; x_wconf 84' lang='lat' dir='ltr'>quem</span> <span class='ocrx_word' id='word_1_185' title='bbox 173 2768 431 2865; x_wconf 85' lang='lat' dir='ltr'>Labyrinthus,</span> <span class='ocrx_word' id='word_1_186' title='bbox 458 2767 534 2863; x_wconf 86' lang='lat' dir='ltr'>ipsc</span> <span class='ocrx_word' id='word_1_187' title='bbox 560 2763 708 2836; x_wconf 87' lang='lat' dir='ltr'>Mundus</span> <span class='ocrx_word' id='word_1_188' title='bbox 733 2765 816 2855; x_wconf 89' lang='lat' dir='ltr'>hic,</span> <span class='ocrx_word' id='word_1_189' title='bbox 844 2763 924 2859; x_wconf 85' lang='lat' dir='ltr'>ipse</span> <span class='ocrx_word' id='word_1_190' title='bbox 944 2761 1104 2830; x_wconf 85' lang='lat' dir='ltr'>Tartarus</span> 
     </span>
     <span class='ocr_line' id='line_1_26' title="bbox 64 2857 1117 2965; baseline -0.006 -31"><span class='ocrx_word' id='word_1_191' title='bbox 64 2857 239 2951; x_wconf 78' lang='lat' dir='ltr'>huminibus</span> <span class='ocrx_word' id='word_1_192' title='bbox 265 2883 401 2965; x_wconf 86' lang='lat' dir='ltr'>paratas</span> <span class='ocrx_word' id='word_1_193' title='bbox 426 2880 460 2938; x_wconf 89' lang='lat' dir='ltr'>et</span> <span class='ocrx_word' id='word_1_194' title='bbox 484 2863 701 2936; x_wconf 86' lang='lat' dir='ltr'>constitutus:</span> <span class='ocrx_word' id='word_1_195' title='bbox 730 2859 1117 2942; x_wconf 83' lang='lat' dir='ltr'>Namutaduotavimus.</span> 
     </span>
     <span class='ocr_line' id='line_1_27' title="bbox 65 2957 1142 3066; baseline -0.006 -31"><span class='ocrx_word' id='word_1_196' title='bbox 65 2957 95 3030; x_wconf 72' lang='lat' dir='ltr'>iu</span> <span class='ocrx_word' id='word_1_197' title='bbox 122 2964 301 3040; x_wconf 82' lang='lat' dir='ltr'>Tcatamia.</span> <span class='ocrx_word' id='word_1_198' title='bbox 321 2967 407 3042; x_wconf 85' lang='lat' dir='ltr'>Osco</span> <span class='ocrx_word' id='word_1_199' title='bbox 421 2964 589 3066; x_wconf 71' lang='lat' dir='ltr'><strong>p.33-43-.</strong></span> <span class='ocrx_word' id='word_1_200' title='bbox 605 2964 660 3035; x_wconf 84' lang='lat' dir='ltr'>hte</span> <span class='ocrx_word' id='word_1_201' title='bbox 675 2965 801 3035; x_wconf 67' lang='lat'><strong>3233.</strong></span> <span class='ocrx_word' id='word_1_202' title='bbox 827 2961 956 3034; x_wconf 77' lang='lat' dir='ltr'>Taurus</span> <span class='ocrx_word' id='word_1_203' title='bbox 973 2958 1105 3030; x_wconf 88' lang='lat' dir='ltr'>habitus</span> <span class='ocrx_word' id='word_1_204' title='bbox 1139 3009 1142 3016; x_wconf 66' lang='grc'><strong><em>»</em></strong></span> 
     </span>
     <span class='ocr_line' id='line_1_28' title="bbox 66 3059 1104 3160; baseline -0.009 -25"><span class='ocrx_word' id='word_1_205' title='bbox 66 3063 242 3154; x_wconf 83' lang='lat' dir='ltr'>symbolum</span> <span class='ocrx_word' id='word_1_206' title='bbox 268 3067 425 3142; x_wconf 85' lang='lat' dir='ltr'>Genitale</span> <span class='ocrx_word' id='word_1_207' title='bbox 450 3079 484 3136; x_wconf 90' lang='lat' dir='ltr'>et</span> <span class='ocrx_word' id='word_1_208' title='bbox 507 3063 710 3160; x_wconf 84' lang='lat' dir='ltr'>prolificum,</span> <span class='ocrx_word' id='word_1_209' title='bbox 728 3061 939 3136; x_wconf 74' lang='lat' dir='ltr'>foecundam</span> <span class='ocrx_word' id='word_1_210' title='bbox 956 3072 990 3130; x_wconf 89' lang='lat' dir='ltr'>et</span> <span class='ocrx_word' id='word_1_211' title='bbox 1007 3059 1104 3128; x_wconf 87' lang='lat' dir='ltr'>semi-</span> 
     </span>
     <span class='ocr_line' id='line_1_29' title="bbox 62 3155 1103 3267; baseline -0.005 -33"><span class='ocrx_word' id='word_1_212' title='bbox 62 3160 200 3240; x_wconf 77' lang='lat' dir='ltr'>niteram:</span> <span class='ocrx_word' id='word_1_213' title='bbox 228 3165 397 3267; x_wconf 84' lang='lat' dir='ltr'>Adeoque</span> <span class='ocrx_word' id='word_1_214' title='bbox 423 3165 560 3238; x_wconf 81' lang='lat' dir='ltr'>Puellae</span> <span class='ocrx_word' id='word_1_215' title='bbox 585 3163 753 3238; x_wconf 82' lang='lat' dir='ltr'>adstantes</span> <span class='ocrx_word' id='word_1_216' title='bbox 778 3162 927 3259; x_wconf 79' lang='lat' dir='ltr'>Psychae</span> <span class='ocrx_word' id='word_1_217' title='bbox 952 3172 1029 3232; x_wconf 88' lang='lat' dir='ltr'>sunt</span> <span class='ocrx_word' id='word_1_218' title='bbox 1058 3155 1103 3229; x_wconf 92' lang='lat' dir='ltr'>ad</span> 
     </span>
     <span class='ocr_line' id='line_1_30' title="bbox 61 3255 1103 3364; baseline -0.005 -34"><span class='ocrx_word' id='word_1_219' title='bbox 61 3258 305 3341; x_wconf 70' lang='lat' dir='ltr'>decorationem</span> <span class='ocrx_word' id='word_1_220' title='bbox 330 3295 367 3342; x_wconf 87' lang='lat' dir='ltr'>se</span> <span class='ocrx_word' id='word_1_221' title='bbox 392 3279 631 3364; x_wconf 87' lang='lat' dir='ltr'>separantes:</span> <span class='ocrx_word' id='word_1_222' title='bbox 659 3265 716 3334; x_wconf 78' lang='lat' dir='ltr'>vei</span> <span class='ocrx_word' id='word_1_223' title='bbox 740 3263 770 3333; x_wconf 87' lang='lat' dir='ltr'>si</span> <span class='ocrx_word' id='word_1_224' title='bbox 795 3263 848 3334; x_wconf 86' lang='lat' dir='ltr'>ris</span> <span class='ocrx_word' id='word_1_225' title='bbox 877 3258 1008 3334; x_wconf 83' lang='lat' dir='ltr'>Veneris</span> <span class='ocrx_word' id='word_1_226' title='bbox 1036 3255 1103 3332; x_wconf 87' lang='lat' dir='ltr'>Ge-</span> 
     </span>
    </p>
   </div>
   <div class='ocr_carea' id='block_1_2' title="bbox 62 3357 1238 3466">
    <p class='ocr_par' dir='ltr' id='par_1_3' title="bbox 62 3357 1238 3466">
     <span class='ocr_line' id='line_1_31' title="bbox 62 3357 1238 3466; baseline -0.009 -32"><span class='ocrx_word' id='word_1_227' title='bbox 62 3367 158 3438; x_wconf 84' lang='lat' dir='ltr'>uitah&#39;s</span> <span class='ocrx_word' id='word_1_228' title='bbox 182 3369 394 3444; x_wconf 85' lang='lat' dir='ltr'>administrae</span> <span class='ocrx_word' id='word_1_229' title='bbox 419 3365 600 3466; x_wconf 76' lang='lat' dir='ltr'>Nymphae</span> <span class='ocrx_word' id='word_1_230' title='bbox 645 3362 868 3455; x_wconf 76' lang='lat' dir='ltr'>Genesiarpae</span> <span class='ocrx_word' id='word_1_231' title='bbox 894 3373 928 3428; x_wconf 88' lang='lat' dir='ltr'>et</span> <span class='ocrx_word' id='word_1_232' title='bbox 953 3357 1104 3430; x_wconf 86' lang='lat' dir='ltr'>Somato-</span> <span class='ocrx_word' id='word_1_233' title='bbox 1235 3401 1238 3410; x_wconf 71' lang='lat'>,</span> 
     </span>
    </p>
   </div>
   <div class='ocr_carea' id='block_1_3' title="bbox 58 3453 1165 4264">
    <p class='ocr_par' dir='ltr' id='par_1_4' title="bbox 58 3453 1165 4264">
     <span class='ocr_line' id='line_1_32' title="bbox 58 3453 1107 3558; baseline -0.006 -25"><span class='ocrx_word' id='word_1_234' title='bbox 58 3461 190 3554; x_wconf 76' lang='lat' dir='ltr'>plastae.</span> <span class='ocrx_word' id='word_1_235' title='bbox 213 3453 266 3540; x_wconf 56' lang='lat' dir='ltr'>‘Et</span> <span class='ocrx_word' id='word_1_236' title='bbox 291 3469 370 3541; x_wconf 83' lang='lat' dir='ltr'>ideo</span> <span class='ocrx_word' id='word_1_237' title='bbox 394 3468 492 3540; x_wconf 81' lang='lat' dir='ltr'>ctiam</span> <span class='ocrx_word' id='word_1_238' title='bbox 517 3485 652 3558; x_wconf 78' lang='lat' dir='ltr'>maguae</span> <span class='ocrx_word' id='word_1_239' title='bbox 677 3456 719 3537; x_wconf 85' lang='lat' dir='ltr'><em>V</em></span> <span class='ocrx_word' id='word_1_240' title='bbox 714 3453 801 3534; x_wconf 81' lang='lat' dir='ltr'>cheri</span> <span class='ocrx_word' id='word_1_241' title='bbox 830 3460 1025 3545; x_wconf 75' lang='lat' dir='ltr'>Cabs&#39;rt&#39;cae,</span> <span class='ocrx_word' id='word_1_242' title='bbox 1069 3467 1107 3528; x_wconf 88' lang='lat' dir='ltr'>ut</span> 
     </span>
     <span class='ocr_line' id='line_1_33' title="bbox 63 3551 1165 3668; baseline -0.003 -40"><span class='ocrx_word' id='word_1_243' title='bbox 63 3559 134 3634; x_wconf 85' lang='lat' dir='ltr'>Isidi</span> <span class='ocrx_word' id='word_1_244' title='bbox 158 3563 362 3668; x_wconf 76' lang='lat' dir='ltr'>Aegyptiae,</span> <span class='ocrx_word' id='word_1_245' title='bbox 389 3583 424 3640; x_wconf 83' lang='lat' dir='ltr'>et</span> <span class='ocrx_word' id='word_1_246' title='bbox 448 3565 601 3639; x_wconf 82' lang='lat' dir='ltr'>Astartau</span> <span class='ocrx_word' id='word_1_247' title='bbox 626 3561 826 3634; x_wconf 86' lang='lat' dir='ltr'>Phoeniciaa</span> <span class='ocrx_word' id='word_1_248' title='bbox 851 3558 927 3631; x_wconf 88' lang='lat' dir='ltr'>data</span> <span class='ocrx_word' id='word_1_249' title='bbox 953 3551 1109 3655; x_wconf 82' lang='lat' dir='ltr'>quaudo·</span> <span class='ocrx_word' id='word_1_250' title='bbox 1161 3643 1165 3648; x_wconf 26' lang='grc'><strong><em>1</em></strong></span> 
     </span>
     <span class='ocr_line' id='line_1_34' title="bbox 63 3655 1104 3756; baseline -0.006 -24"><span class='ocrx_word' id='word_1_251' title='bbox 63 3683 118 3755; x_wconf 89' lang='lat' dir='ltr'>que</span> <span class='ocrx_word' id='word_1_252' title='bbox 139 3663 171 3736; x_wconf 89' lang='lat' dir='ltr'>iu</span> <span class='ocrx_word' id='word_1_253' title='bbox 196 3668 250 3742; x_wconf 88' lang='lat' dir='ltr'>his</span> <span class='ocrx_word' id='word_1_254' title='bbox 275 3667 373 3742; x_wconf 89' lang='lat' dir='ltr'>Vasis</span> <span class='ocrx_word' id='word_1_255' title='bbox 401 3693 525 3740; x_wconf 82' lang='lat' dir='ltr'>cornua</span> <span class='ocrx_word' id='word_1_256' title='bbox 550 3667 682 3734; x_wconf 80' lang='lat' dir='ltr'>bucera:</span> <span class='ocrx_word' id='word_1_257' title='bbox 704 3663 752 3733; x_wconf 89' lang='lat' dir='ltr'>Ut</span> <span class='ocrx_word' id='word_1_258' title='bbox 786 3661 820 3734; x_wconf 88' lang='lat' dir='ltr'>in</span> <span class='ocrx_word' id='word_1_259' title='bbox 854 3655 1104 3756; x_wconf 86' lang='lat' dir='ltr'>praestantissi-</span> 
     </span>
     <span class='ocr_line' id='line_1_35' title="bbox 64 3755 1105 3866; baseline -0.007 -36"><span class='ocrx_word' id='word_1_260' title='bbox 64 3782 108 3832; x_wconf 86' lang='lat' dir='ltr'>mo</span> <span class='ocrx_word' id='word_1_261' title='bbox 130 3764 314 3859; x_wconf 83' lang='lat' dir='ltr'>Dramate,</span> <span class='ocrx_word' id='word_1_262' title='bbox 341 3767 435 3866; x_wconf 90' lang='lat' dir='ltr'>quod</span> <span class='ocrx_word' id='word_1_263' title='bbox 474 3763 642 3836; x_wconf 78' lang='lat' dir='ltr'>editumu</span> <span class='ocrx_word' id='word_1_264' title='bbox 666 3762 823 3862; x_wconf 86' lang='lat' dir='ltr'>pluribus</span> <span class='ocrx_word' id='word_1_265' title='bbox 868 3756 981 3829; x_wconf 87' lang='lat' dir='ltr'>doctis</span> <span class='ocrx_word' id='word_1_266' title='bbox 1012 3755 1105 3826; x_wconf 90' lang='lat' dir='ltr'>Viris</span> 
     </span>
     <span class='ocr_line' id='line_1_36' title="bbox 65 3853 1103 3960; baseline -0.002 -30"><span class='ocrx_word' id='word_1_267' title='bbox 65 3857 222 3958; x_wconf 74' lang='lat' dir='ltr'>Viventio,</span> <span class='ocrx_word' id='word_1_268' title='bbox 256 3868 379 3960; x_wconf 86' lang='lat' dir='ltr'>Hirtio,</span> <span class='ocrx_word' id='word_1_269' title='bbox 416 3864 584 3939; x_wconf 80' lang='lat' dir='ltr'>Avel&#39;iinio</span> <span class='ocrx_word' id='word_1_270' title='bbox 615 3863 650 3934; x_wconf 89' lang='lat' dir='ltr'>iu</span> <span class='ocrx_word' id='word_1_271' title='bbox 686 3862 813 3959; x_wconf 83' lang='lat' dir='ltr'>Opaca.</span> <span class='ocrx_word' id='word_1_272' title='bbox 835 3858 882 3929; x_wconf 88' lang='lat' dir='ltr'>ll.</span> <span class='ocrx_word' id='word_1_273' title='bbox 904 3881 983 3958; x_wconf 76' lang='lat' dir='ltr'>pag.</span> <span class='ocrx_word' id='word_1_274' title='bbox 1015 3853 1103 3928; x_wconf 72' lang='grc'><strong>169.</strong></span> 
     </span>
     <span class='ocr_line' id='line_1_37' title="bbox 67 3952 1101 4064; baseline -0.013 -30"><span class='ocrx_word' id='word_1_275' title='bbox 67 3962 141 4033; x_wconf 73' lang='lat' dir='ltr'>hit).</span> <span class='ocrx_word' id='word_1_276' title='bbox 169 3979 202 4036; x_wconf 77' lang='lat' dir='ltr'>at</span> <span class='ocrx_word' id='word_1_277' title='bbox 225 3965 317 4048; x_wconf 22' lang='lat' dir='ltr'>salso,</span> <span class='ocrx_word' id='word_1_278' title='bbox 336 3969 597 4064; x_wconf 80' lang='lat' dir='ltr'>interpretatum,</span> <span class='ocrx_word' id='word_1_279' title='bbox 625 3989 686 4061; x_wconf 87' lang='lat' dir='ltr'>per</span> <span class='ocrx_word' id='word_1_280' title='bbox 711 3964 871 4056; x_wconf 85' lang='lat' dir='ltr'>elementa</span> <span class='ocrx_word' id='word_1_281' title='bbox 895 3957 964 4030; x_wconf 79' lang='lat' dir='ltr'>ista</span> <span class='ocrx_word' id='word_1_282' title='bbox 986 3952 1101 4025; x_wconf 80' lang='lat' dir='ltr'>Palin-</span> 
     </span>
     <span class='ocr_line' id='line_1_38' title="bbox 64 4052 1094 4165; baseline -0.017 -26"><span class='ocrx_word' id='word_1_283' title='bbox 64 4069 225 4150; x_wconf 66' lang='lat' dir='ltr'>ussuesiaco</span> <span class='ocrx_word' id='word_1_284' title='bbox 248 4069 348 4165; x_wconf 88' lang='lat' dir='ltr'>plene</span> <span class='ocrx_word' id='word_1_285' title='bbox 368 4065 516 4152; x_wconf 77' lang='lat' dir='ltr'>amabis</span> <span class='ocrx_word' id='word_1_286' title='bbox 539 4080 574 4137; x_wconf 85' lang='lat' dir='ltr'>et</span> <span class='ocrx_word' id='word_1_287' title='bbox 599 4062 688 4136; x_wconf 87' lang='lat' dir='ltr'>clare</span> <span class='ocrx_word' id='word_1_288' title='bbox 713 4063 910 4158; x_wconf 83' lang='lat' dir='ltr'>explicatur.</span> <span class='ocrx_word' id='word_1_289' title='bbox 941 4052 1026 4127; x_wconf 90' lang='lat' dir='ltr'>Nam</span> <span class='ocrx_word' id='word_1_290' title='bbox 1059 4055 1094 4122; x_wconf 79' lang='lat' dir='ltr'>h.</span> 
     </span>
     <span class='ocr_line' id='line_1_39' title="bbox 67 4149 1107 4264; baseline -0.009 -29"><span class='ocrx_word' id='word_1_291' title='bbox 67 4159 132 4234; x_wconf 82' lang='lat' dir='ltr'>Ara</span> <span class='ocrx_word' id='word_1_292' title='bbox 146 4189 264 4264; x_wconf 83' lang='lat' dir='ltr'>magua</span> <span class='ocrx_word' id='word_1_293' title='bbox 287 4172 411 4262; x_wconf 62' lang='lat' dir='ltr'>ceh&#39;oa⁴</span> <span class='ocrx_word' id='word_1_294' title='bbox 427 4163 580 4257; x_wconf 78' lang='lat' dir='ltr'>centralis</span> <span class='ocrx_word' id='word_1_295' title='bbox 595 4157 784 4264; x_wconf 66' lang='lat' dir='ltr'>&#39;symbolum</span> <span class='ocrx_word' id='word_1_296' title='bbox 802 4160 926 4233; x_wconf 85' lang='lat' dir='ltr'>Terrae</span> <span class='ocrx_word' id='word_1_297' title='bbox 954 4166 1019 4245; x_wconf 84' lang='lat' dir='ltr'>est,</span> <span class='ocrx_word' id='word_1_298' title='bbox 1034 4149 1107 4228; x_wconf 85' lang='lat' dir='ltr'>Vc·</span> 
     </span>
    </p>
   </div>
   <div class='ocr_carea' id='block_1_4' title="bbox 0 0 1481 5024">
    <p class='ocr_par' dir='ltr' id='par_1_5' title="bbox 0 0 1481 5024">
     <span class='ocr_line' id='line_1_40' title="bbox 0 0 1481 5024; baseline 0 0"><span class='ocrx_word' id='word_1_299' title='bbox 0 0 1481 5024; x_wconf 95' lang='lat' dir='ltr'> </span> 
     </span>
    </p>
   </div>
  </div>
 </body>
</html>
