2924 5024
56 471 144 544 dem
171 470 364 570 auguralem
389 485 425 544 et
448 472 620 548 iutiffieum
647 475 811 546 Adrastia
828 486 892 566 est,
916 473 1049 548 Themis
1062 489 1128 566 est,

55 573 139 646 Dea
166 597 286 669 magna
301 570 435 665 ¹fatalis,
462 599 549 673 quae
573 573 681 672 prima
705 574 881 646 Hominem
905 599 966 674 per
979 585 1052 668 sata
1068 601 1129 650 suu

55 687 93 743 et
122 673 265 746 decreta
289 670 412 744 termas
435 689 469 745 et
493 675 684 747 coustituit.
715 679 776 748 to.
803 673 895 748 Pane
924 676 1129 749 Mercurium

54 773 192 844 similis
215 773 288 844 Dea
312 797 398 870 quae
422 785 489 846 stat
514 787 710 874 seeptruta,
737 787 773 847 et
806 774 906 848 habet
939 759 1129 873 preximuui

54 901 126 944 aas
153 871 309 964 funebre,
336 898 394 946 vas
411 873 587 947 Defunetis
605 883 745 966 eaerum,
765 887 817 946 est
841 871 882 952 V
877 901 957 949 enas
973 874 1128 974 Epitym·

56 975 137 1063 bia,
158 969 205 1048 V
198 999 276 1045 aeas
293 969 450 1066 Libitina,
469 973 637 1046 hominum
653 973 714 1046 iiui
739 972 920 1072 praefecta,
948 990 986 1046 ut
1010 974 1131 1046 Hemi-

55 1097 145 1145 uem
169 1085 283 1144 uatum
308 1071 425 1146 iterum
450 1073 603 1172 resipiat,
623 1087 658 1146 et
674 1073 709 1145 in
728 1073 868 1148 Tellure
884 1088 988 1148 matre
1011 1097 1133 1167 meau-

56 1171 140 1244 dat.
175 1175 234 1242 tt.
258 1171 383 1246 Graiae
408 1174 538 1246 taudem
564 1173 810 1272 supervolitans
835 1200 909 1262 eum
939 1174 1073 1274 singula
1098 1185 1134 1246 et

56 1271 201 1342 eireuiu
226 1271 413 1369 symbolum
444 1275 651 1348 Potestatum
675 1280 1005 1371 qeaesiarqiearam,
1044 1298 1131 1372 quae

29 1443 32 1449 ,
55 1373 228 1470 Psychae
251 1372 390 1446 idoneas
420 1373 466 1446 ad
490 1377 647 1450 arratam
678 1384 896 1472 generationis
938 1373 1130 1450 obeundum

55 1472 202 1570 pellunt
226 1488 422 1572 urgentque.

112 1572 155 1646 5.
186 1571 343 1674 Psychae
371 1573 659 1666 Geneseeerastae.
675 1573 714 1647 ln
740 1574 793 1648 his
818 1574 1030 1648 Dramatibus
1048 1575 1131 1646 Pa-

62 1674 299 1768 liaqeaesiaeis
323 1673 470 1770 ipsarum
494 1675 692 1748 Animarum
716 1678 812 1774 quasi
837 1679 962 1764 Idale,
988 1690 1023 1746 et
1060 1673 1131 1746 ior-

62 1797 157 1864 mas,
178 1785 213 1844 et
229 1773 381 1868 symbola
405 1799 480 1846 esse
505 1774 702 1853 invenienda
726 1800 822 1848 nemu
848 1789 937 1846 uerte
954 1774 1134 1846 dubitaue-

60 1871 126 1943 rit.
157 1870 206 1944 As
230 1897 399 1969 quaenam,
426 1874 524 1964 aede,
552 1889 628 1946 sunt
651 1875 749 1948 idola
774 1875 850 1966 ista,
879 1875 1022 1972 fiqarae
1047 1875 1153 1945 istae'

64 1970 281 2066 symbolicae
306 1975 521 2048 Animarum?
545 1973 650 2072 Atqui
675 1975 756 2046 mihi
782 1989 908 2048 eertum
933 1989 984 2046 est
1001 1987 1130 2046 veteres
1246 2041 1249 2056 ,

64 2072 255 2150 Gabii-istas
279 2097 341 2171 per
365 2087 506 2172 quatuor
519 2075 690 2148 Elementa
700 2073 868 2150 Hominem
881 2097 981 2174 saepe
993 2097 1131 2172 expres-

62 2171 170 2264 sisse,
197 2173 329 2246 scilieet
353 2197 415 2272 per
444 2173 571 2274 Corpus
587 2174 741 2266 mentale,
767 2199 829 2273 per
855 2176 1022 2278 Psychen,
1060 2171 1132 2247 sire

61 2271 289 2344 substantium
311 2275 501 2346 sensianum
525 2295 560 2346 et
574 2275 775 2348 insultatum
792 2299 977 2372 enpaeem,
1005 2288 1040 2346 et
1064 2295 1128 2370 per

62 2371 165 2468 ipsas
190 2371 274 2446 duas
299 2373 475 2452 facultates
493 2387 526 2445 et
543 2375 643 2464 vires,
671 2398 789 2476 nempe
802 2377 962 2466 Mentem,
988 2387 1023 2446 et
1040 2373 1134 2444 Ani-i
1198 2382 1201 2394 ·

64 2500 189 2564 mam,
229 2474 352 2573 quibus
375 2487 469 2547 totus
494 2487 529 2546 et
553 2475 720 2572 perfectus
745 2473 849 2549 Harae
887 2473 1049 2569 exsurgit.
1081 2473 1127 2544 Et
1246 2509 1250 2516 ·

63 2573 229 2673 Psyehea
254 2573 391 2673 quidem
416 2574 488 2646 sive
507 2575 699 2650 sentientem
713 2578 891 2667 Animam,
910 2589 948 2646 ut
974 2571 1128 2646 Puellam
1273 2640 1277 2650 .

61 2685 102 2743 ut
128 2673 292 2774 Sponsam
308 2671 464 2748 detenter
479 2674 633 2748 vestitam
647 2677 780 2773 saepias
793 2675 1004 2764 exhibebant,
1024 2670 1125 2742 Mea-

63 2790 132 2844 tem
157 2799 235 2848 nero
249 2773 355 2868 Naar,
371 2774 571 2848 etAeimam
596 2777 667 2848 sive
691 2786 805 2862 θυμον
828 2799 890 2873 per
914 2775 1001 2846 druos
1027 2768 1121 2843 nno-

65 2872 247 2967 leseentes,
272 2897 335 2974 per
359 2875 447 2973 duas
472 2873 618 2968 Fratres,
645 2899 706 2974 per
733 2876 909 2968 Gemellas,
925 2889 963 2946 nt
979 2871 1124 2944 vidimus
1203 2891 1207 2901 ·

63 2996 147 3071 pag.
170 2974 297 3048 3233.
318 2976 384 3048 imo
398 2998 497 3072 saepe
519 2997 581 3072 per
606 2976 692 3048 dues
713 2979 873 3068 Viatores,
901 2977 961 3073 qui
986 2971 1123 3046 Pileale

62 3074 214 3150 viatorio
228 3077 331 3174 eapiti
348 3077 521 3174 imposita,
535 3076 589 3148 vel
603 3074 647 3148 ad
666 3077 825 3149 eervieem
842 3077 967 3147 neieete
985 3097 1120 3169 gravem

64 3174 215 3273 aliquam
238 3190 273 3248 et
289 3175 422 3273 longam
436 3175 522 3247 viam
535 3199 672 3274 carpene
689 3176 924 3248 instituissent.
946 3173 1011 3266 Qui
1038 3172 1073 3248 V
1074 3181 1126 3246 ia·
1155 3211 1158 3218 v

65 3289 167 3366 teres,
194 3287 229 3348 et
253 3275 400 3366 Puellae,
428 3274 487 3350 nbi
511 3272 745 3348 dissernuntnr
768 3301 788 3347 a
814 3272 947 3348 duabus
975 3273 1128 3346 Gemellis

71 3375 231 3448 Gabirieis
254 3390 289 3450 et
313 3375 454 3465 divinis,
481 3387 516 3448 et
540 3375 681 3472 propria
706 3377 862 3448 Dramatu
895 3375 1036 3467 iaciunt,
1064 3367 1128 3447 uii-

66 3498 134 3547 ram
160 3477 288 3575 ingenii
309 3476 498 3555 ‘sollertiam
516 3475 550 3546 iu
568 3474 810 3574 Hierographis
836 3473 1028 3548 ostendunt.
1045 3471 1125 3546 Sae-
1178 3557 1181 3563 Α

64 3595 106 3670 pe
145 3603 229 3652 vere
258 3577 336 3678 ipsa
364 3577 492 3678 Psyche
520 3574 779 3649 Gemseoarasta
804 3599 960 3673 supressa
985 3583 1049 3648 est:
1076 3573 1128 3646 Ut

62 3671 95 3746 ia
121 3677 212 3754 Vasa
236 3679 327 3776 apud
351 3671 626 3750 Hemiitenum'et
640 3673 879 3751 Tisehbeinntn
905 3675 949 3746 Τ.
980 3674 1011 3748 Ι.
1033 3674 1124 3747 Tab.

68 3777 102 3846 2.
131 3803 213 3876 pag.
246 3783 304 3852 52.
337 3779 399 3850 53.
427 3778 510 3849 Natu
535 3775 653 3869 palera
678 3775 808 3866 Puella,
836 3803 922 3878 quae
956 3776 1052 3848 sedet
1076 3775 1126 3843 si-

67 3876 169 3948 nistri
194 3867 483 3976 teneus·maguam
513 3876 694 3949 Umbellam
722 3879 852 3978 Psyalte
878 3890 962 3967 eet,
1003 3876 1134 3946 Anima

68 3973 206 4050 humana
230 3993 295 4072 est,
321 4003 408 4077 quae
431 3979 577 4051 umbram
594 3977 703 4048 iecere
720 3978 853 4075 incipit,
870 3983 1038 4070 eerpetee
1063 3968 1125 4040 de·
1219 4056 1221 4066 Ι

72 4075 291 4152 attentatam
315 4073 522 4178 aliquantum
551 4078 746 4150 obumbrata
765 4103 782 4148 :-
817 4076 945 4148 Nasam
982 4067 1125 4172 prepiin·

73 4191 152 4270 guut
175 4179 394 4274 Balsamario,
421 4177 516 4276 quod
540 4175 585 4254 ad
609 4178 738 4251 vultum
768 4177 840 4250 eius
864 4173 1001 4248 Juvenis
1026 4171 1126 4250 ineli-

877 4365 881 4420 Ι
909 4433 912 4438 ,
