2976 5032
51 502 212 580 ‚Cabiricc
238 512 318 572 suut
340 495 522 570 Mercurius
546 508 580 568 et
603 495 821 597 Proserpina..
835 499 928 598 Ergo
946 505 977 575 iu
996 507 1109 580 Tutu-

52 607 94 681 .lb
117 605 259 682 Etrusco
289 611 356 669 totu
380 596 533 668 Gabiriea
567 595 702 693 Opdoos
728 599 919 696 Syruboiiea
950 631 1105 702 expresse

60 719 123 778 cst.
152 701 197 776 At
220 700 318 798 quid,
346 698 443 786 cedo,
471 723 570 795 agere
595 713 629 770 et
653 723 809 795 peragere
836 701 909 774 vuit
935 705 1108 778 iiicEtru·

53 813 138 878 sous
163 802 305 874 sedens?
331 793 470 872 Omniu'u
495 801 604 870 iacere
628 797 798 874 Globulus
824 802 906 874 ilius
924 803 959 876 iu
976 804 1107 880 Tabula

62 906 146 976 sacta
169 899 379 987 horizontali,
408 914 441 968 et
466 897 625 970 adnotare
649 900 803 998 Figuram
829 928 927 1002 super
944 929 1010 1000 qua
1027 929 1108 978 cun-

51 1006 190 1092 ¹sistunt,
234 1016 268 1073 et
293 996 374 1072 iude
398 1001 534 1094 auguria
560 1015 593 1072 ct
614 1017 726 1080 ‚sortes
751 1018 886 1100 petere,
926 1003 1106 1080 secuudum

51 1103 312 1204 significationes
338 1099 402 1170 ium
427 1099 624 1170 constitutas
648 1101 790 1196 Figurae
816 1117 851 1176 et
876 1105 951 1174 Dei.
982 1103 1032 1176 Eu
1057 1103 1107 1177 fe-

57 1233 89 1277 rc
112 1205 211 1276 ruodo
248 1226 316 1298 quo
343 1200 522 1270 Sortiarius
554 1204 624 1272 sire
655 1202 843 1297 Sortilegus
875 1203 1104 1300 erppunuru‚

54 1331 145 1403 quern
171 1300 340 1376 describit
364 1299 550 1370 Scbciierus
576 1303 616 1372 do
642 1299 819 1398 Lappouia
845 1303 1004 1400 Capxl.
1021 1327 1104 1403 pag.

54 1408 134 1478 430.
162 1430 202 1476 ex
236 1401 384 1496 Figura,
412 1425 512 1498 super
535 1426 600 1496 qua
632 1403 782 1474 constitit
820 1403 961 1474 acutulus
998 1399 1106 1478 dimu-

48 1520 97 1578 tus
123 1529 228 1602 super
252 1503 366 1598 piures
392 1500 513 1594 figuras
540 1502 717 1597 Tympano
750 1505 878 1599 magico
909 1527 1103 1602 percussu,

45 1605 274 1678 divinationes
300 1625 375 1672 suus
398 1601 522 1696 promit
546 1619 579 1673 et
603 1600 734 1674 condit:
749 1607 1036 1700 quamobrumegu
1050 1633 1103 1680 ar-

49 1706 161 1778 bitror
187 1704 252 1774 hoc
275 1701 430 1772 Dramate
456 1700 660 1798 sortilegum
684 1702 754 1775 sire
778 1703 977 1778 Sortiarium
1005 1705 1106 1780 Etru.-

49 1831 141 1877 scum
166 1802 346 1890 exhiberi,
374 1801 433 1898 qui
457 1825 517 1898 per
541 1801 681 1897 Figurae
707 1815 741 1870 ct
766 1801 872 1874 Notas
890 1803 1105 1899 Symbolicar

40 1907 202 1976 Deorum
224 1900 449 1972 Cabiriccrurn
474 1898 616 1970 divinari
641 1899 738 1986 uelit,
753 1913 800 1970 -at
817 1901 932 1976 Sortes
957 1903 1104 1980 edicere.

45 2003 106 2078 Ad
132 2025 230 2097 quarn
255 2000 443 2072 senteutiam
468 1997 660 2068 firmandam
678 1999 957 2092 opportunissima
978 2006 1107 2080 accedit

1 2191 2 2196 ἵ
47 2105 116 2178 vox
143 2097 315 2194 adscripta
332 2123 462 2180 ⁸traua.
491 2095 579 2167 Nam·
594 2119 706 2164 arara
723 2111 777 2165 est
792 2099 902 2193 ipsum
920 2117 996 2185 πῃ
1025 2123 1104 2196 rra,

45 2228 165 2276 arura
192 2200 395 2270 considerare
412 2248 422 2286 ,
441 2198 603 2285 meditari,
623 2221 829 2292 percensere,
850 2222 917 2294 quo
934 2198 1033 2296 plane
1049 2202 1110 2272 ba-

46 2306 124 2378 bitu
150 2313 188 2370 et
213 2312 299 2370 statu
325 2318 502 2392 expressus
527 2307 577 2364 est
602 2296 698 2368 bomo
714 2297 886 2370 Etruscus:
914 2299 1107 2398 etquidem

46 2406 93 2476 de
119 2399 239 2472 Rebus
264 2417 368 2485 5232,
395 2409 489 2484 rua,
517 2421 626 2466 arara
652 2400 814 2484 inuolutis,
834 2399 993 2497 impleris,
1014 2427 1106 2475 cum·

44 2498 209 2602 plicatis,
233 2511 272 2568 ut
289 2497 404 2568 Sortes
428 2495 584 2568 humanae
602 2513 687 2570 sunt.
704 2496 793 2586 Quin
808 2499 976 2572 Etruscum
993 2528 1106 2573 aaran

46 2601 143 2674 solvi
170 2612 282 2696 potest
306 2600 340 2668 iu
365 2621 445 2684 aru,
473 2609 507 2664 et
532 2621 589 2688 aa,
617 2615 650 2668 et
676 2595 747 2667 fieri
763 2625 811 2672 aa
836 2601 992 2696 componi
1016 2624 1107 2690 ang>

44 2732 85 2776 rc
112 2705 263 2798 laqueo,
290 2714 386 2788 reto,
411 2721 448 2768 re
473 2695 616 2794 implexa
641 2699 818 2788 involuto,
845 2713 879 2770 et
904 2715 985 2796 my·
1005 2724 1070 2772 uua
1096 2757 1107 2790 ‚

46 2830 129 2894 aar,
159 2801 320 2888 revelare,
348 2803 505 2894 aperire,
533 2796 751 2886 manifestare3
780 2801 826 2870 itu
854 2814 889 2870 ut
914 2821 1042 2874 acu-ra
1059 2801 1108 2876 rit

45 2905 105 3001 qui
132 2899 310 2989 obvoluta,
338 2899 496 2996 implexa,
524 2898 662 2970 cuuiusa
687 2901 810 2996 aperit,
835 2901 943 2992 soluit,
970 2901 1109 2976 manite-

49 3015 145 3092 stat,
174 2999 314 3090 recolat.

95 3101 159 3176 VI.
194 3097 334 3194 Operas
373 3097 530 3172 Cabirico
563 3097 776 3172 Etruseorum
801 3101 873 3172 aliis
897 3104 1029 3200 inarpcr
1051 3124 1109 3176 ort·

46 3209 214 3298 priore-rutis
239 3208 385 3290 firorrrta.
953 3275 957 3282 ,
987 3260 993 3278 ,

101 3307 136 3374 i.
169 3299 314 3372 Scilicet
337 3325 378 3370 ex
405 3315 473 3372 octo
499 3298 664 3386 Pcriudis,
693 3323 733 3380 ex
759 3315 827 3373 octo
843 3299 971 3397 maguis
988 3297 1107 3391 Annis,
1185 3386 1187 3398 Ι

41 3429 135 3499 quus
162 3402 255 3472 vitae
280 3398 422 3472 Generis
447 3398 609 3488 humaui,
637 3413 670 3470 et
698 3398 827 3472 Mundo
845 3401 1035 3479 tribuebant
1049 3399 1110 3478 sa
1187 3399 1189 3410 ’

51 3505 182 3598 pientes
211 3501 441 3588 Etruscorum,
469 3513 507 3570 ut
531 3500 594 3570 iarn
619 3498 881 3574 animadversum
906 3501 1111 3583 a'uobisest

47 3604 81 3677 in
114 3603 271 3675 Teutam.
288 3599 614 3689 Homerussrrusco.
635 3599 717 3696 Peg.
731 3602 792 3669 bi.
803 3600 850 3672 ud
862 3603 921 3670 51.
935 3601 1032 3678 Hace
1049 3627 1108 3682 abr

51 3717 112 3772 tem
138 3725 312 3776 rrumeruru
338 3699 430 3770 uuila
456 3698 521 3770 ulia
541 3702 667 3770 ratione
681 3701 742 3772 uisi
755 3691 966 3796 Tireolugica
987 3715 1111 3787 statue,-

49 3827 84 3874 re
112 3813 300 3904 potueruut
324 3798 520 3874 Sacerdotes
546 3796 691 3890 Etrusci,
720 3797 757 3872 ut
781 3827 837 3872 reo
851 3800 971 3874 Mundi
986 3816 1109 3882 aetates

49 3904 299 3974 constituerunt
324 3898 479 3972 Hebraei.
514 3968 516 3975 ,
617 3945 620 3952 ,
740 3955 743 3964 .
798 3961 802 3969 .
841 3919 845 3924 ’
889 3955 892 3970 .
980 3975 984 3980 ,

106 4004 145 4070 2.
173 3997 226 4070 Ex
253 3996 347 4098 bycio
371 3998 558 4072 Nooraara'o
583 4010 748 4096 perpetuo
773 3997 906 4072 diarum
926 4001 1001 4072 anni
1031 3995 1111 4076 ort-

56 4096 119 4186 tis,
146 4112 185 4168 ut
208 4113 346 4174 testatur
359 4097 551 4173 Macrobius
568 4098 871 4181 scribensssSatura.
891 4097 1110 4190 Liberi-0121!-

56 4200 119 4270 45.
136 4198 308 4296 popili.
327 4226 336 4271 ς
362 4199 453 4272 Sicut
477 4203 571 4296 apud
599 4195 865 4276 Taaeos=.Ncuec
883 4199 996 4324 pilares
1012 4197 1110 4274 tora
