2976 5032
15 445 16 452 ἵ
62 465 157 534 mina
193 425 324 533 canetis
351 455 568 550 «Praebet,
603 471 642 530 ut
669 457 822 558 uppellut
851 368 1129 540 Cleuflianuiiicle

59 563 171 660 Rapt.
194 561 229 632 Ι.
252 583 285 628 r.
309 559 363 633 55.
386 553 446 631 56.
467 573 533 630 ete.
566 583 606 630 es
623 584 690 632 uno
708 559 855 632 Pantheo
884 561 1049 658 Goliam,
1078 579 1131 640 ut·

65 687 136 762 qne
165 661 311 732 Etrusco
334 672 514 754 potuerunt
539 658 684 731 derivari
709 673 809 756 atque
833 659 1001 758 adepturi.

118 761 210 832 Nam
237 758 445 855 Typusiste
470 759 772 855 Demeqerqene'ees
788 783 896 857 neque
920 776 972 834 est
989 763 1023 834 in
1041 764 1130 836 Pau·

69 863 148 934 thee
170 859 316 947 Graeco,
337 883 443 955 neque
468 858 503 928 in
528 859 676 930 Pantheo
700 856 822 933 Latino
841 861 981 934 solemni
1009 877 1043 936 ct
1071 889 1135 964 po-

65 960 195 1058 pulari,
215 981 326 1055 neque
349 959 385 1029 iu
398 955 525 1054 aliquo
543 971 722 1056 systemate
738 958 1033 1058 Philosophorum,
1057 964 1134 1062 qui-

64 1061 126 1132 hus
151 1059 205 1132 vel
232 1057 352 1130 nullus
378 1057 510 1127 omuino
536 1057 598 1128 leit
638 1059 812 1150 Tartarus,
830 1061 886 1132 rel
906 1062 1007 1160 louge
1024 1063 1131 1138 elius:

28 1239 33 1251 ,
62 1161 191 1246 Nullus
216 1157 482 1252 Peripateticis,
511 1159 622 1229 nullus
648 1158 806 1245 Stoicis,
835 1161 946 1232 nullus
972 1163 1133 1260 Epicuru-

60 1261 121 1334 is:
149 1259 259 1332 Alius
284 1256 536 1354 Pythagoricis,
566 1271 600 1330 et
626 1256 898 1352 Neoplatouicis.
920 1262 1008 1354 Quin
1027 1263 1055 1333 si
1074 1289 1131 1361 sy-

63 1376 166 1434 stema
193 1357 445 1452 Theologieum
472 1357 619 1428 solemne
646 1372 679 1428 et
697 1356 861 1454 Populare
879 1360 1080 1436 Graecorum
1098 1377 1133 1437 et

64 1460 298 1534 Romanorum
324 1455 392 1527 diei
418 1479 483 1526 nou
507 1469 625 1554 potest
651 1455 803 1527 obsolute
827 1473 862 1531 et
885 1465 1024 1561 proprie
1047 1463 1133 1535 Ura-

65 1559 301 1648 noarehicum,
328 1553 459 1628 cecedit
485 1571 604 1646 tamen,
625 1570 658 1626 et
675 1558 834 1654 pleraque
851 1577 991 1658 aguntur
1007 1576 1040 1636 et
1057 1587 1135 1662 per·

39 1674 211 1758 xaguntor
242 1683 304 1756 per
345 1655 437 1726 Deos
465 1655 699 1756 Olympicus,
731 1658 827 1754 quusi
861 1683 901 1730 ex
927 1664 1066 1762 propriu
1100 1677 1134 1737 et

61 1761 248 1832 intrinseca
264 1767 445 1856 potestate,
468 1757 617 1827 Saturno
643 1769 753 1827 vetere
778 1755 872 1856 Rege
898 1759 1003 1834 eiecto
1033 1777 1067 1834 et
1096 1763 1132 1836 in

33 1885 36 1897 ¹
64 1860 248 1932 Tartarum
260 1859 435 1954 relegato:
459 1871 493 1928 et
514 1855 626 1927 nescio
645 1881 730 1952 quae
748 1853 905 1930 distinctu
922 1862 1128 1956 oeconomio,

67 1970 104 2030 et
130 1957 279 2052 regimen
304 1957 389 2029 inter
416 1955 566 2026 viventes
590 1967 625 2025 et
642 1969 803 2048 mortuos,
823 1956 909 2030 inter
932 1960 1018 2034 hune
1034 1963 1133 2033 Mun·
1193 2023 1195 2030 ,

53 2049 153 2130 ¹dum
172 2069 208 2125 et
227 2055 362 2126 ultorum
379 2055 478 2124 etiam
495 2080 515 2124 a
531 2052 658 2149 mugnis
676 2055 802 2146 Poetis,
824 2069 860 2126 ut
876 2057 1025 2156 Virgilio
1041 2062 1128 2134 Aoo.

67 2155 143 2230 XI.
167 2180 204 2228 v.
218 2154 342 2226 tter.
358 2152 447 2224 XII.
463 2153 773 2226 rotonensium
786 2155 938 2256 iuSyloir
956 2157 999 2232 V.
1011 2187 1042 2231 v.
1053 2163 1135 2236 t85.

74 2254 268 2329 admittitur
293 2268 332 2326 et¹
352 2251 592 2352 praedicatur:
619 2278 702 2352 quae
727 2257 917 2329 oeconomia
934 2257 1051 2333 heberi
1067 2287 1133 2334 nou

69 2369 193 2454 potest
235 2355 319 2426 dato·
345 2351 484 2425 centrali
526 2364 559 2422 et
589 2353 724 2426 maximo
755 2357 1029 2456 Demoporqoae:
1065 2360 1131 2454 Qui

70 2456 219 2526 omnino·
237 2479 302 2525 non
327 2467 540 2551 potestesse
564 2451 629 2523 nisi
659 2454 791 2529 Cabirus
816 2461 972 2531 mouimus
998 2473 1032 2532 et
1059 2459 1134 2534 luu-

66 2554 283 2642 damentalis,
311 2555 374 2626 nisi
402 2577 546 2624 summus
563 2553 654 2625 Deus
672 2553 896 2630 Etruseorum:
913 2559 964 2630 Dc
981 2585 1049 2656 qno
1069 2561 1130 2634 Se-

64 2652 157 2726 necu'
171 2653 416 2729 haeetestatur
433 2655 466 2726 in
492 2653 630 2749 Quuest.
651 2651 774 2746 Netum
795 2657 842 2727 ll.
865 2682 940 2756 eep.
961 2659 1024 2730 45.
1045 2684 1129 2756 pag.

69 2755 155 2826 538.
184 2755 317 2836 Etrusci
341 2759 604 2857 eamdem‘qaem
628 2781 686 2826 nos
711 2753 727 2854 (
753 2756 861 2828 Stoici
886 2755 904 2858 )
948 2760 1129 2854 hetellipnat

72 2859 235 2928 custodem
275 2876 493 2954 rectoremque
540 2851 685 2926 Universe'
723 2858 879 2928 Animum
905 2887 946 2934 ac
972 2859 1130 2958 Spiritum

71 2956 239 3028 Mandoni
262 2955 355 3027 haias
381 2961 488 3056 operio
513 2957 687 3027 Dominum
707 2972 737 3026 et
755 2963 924 3048 artificem,
945 2968 998 3032 etti
1015 2989 1130 3034 conten

72 3081 160 3126 omne
185 3061 332 3128 conccm't
355 3107 495 3126 .....
517 3055 578 3126 Est
603 3059 686 3125 enies
713 3081 754 3126 ece
778 3083 839 3154 que
864 3075 945 3130 acto
971 3077 1043 3133 snat
1062 3087 1152 3140 oen-v.

71 3160 152 3245 nia,
182 3163 276 3229 cuius
301 3159 417 3251 spiritu
442 3161 576 3226 vivimus
605 3207 746 3226 .....
776 3171 859 3232 totos
888 3167 953 3231 suis
982 3161 1128 3262 partibas

70 3255 212 3348 inditus,
243 3273 273 3326 et
298 3282 330 3326 se
358 3259 515 3326 sustineres
538 3259 572 3325 oi
595 3283 668 3326 eno.
698 3253 764 3346 Qui
788 3281 926 3352 prorsus
946 3261 1127 3352 Demoqor-

57 3378 132 3445 ,coo
157 3354 341 3444 centralis,
370 3353 526 3439 intimus,
555 3353 809 3426 fundamentalis
835 3372 903 3430 est:
934 3385 1001 3432 nou
1026 3357 1130 3432 lasciu

74 3453 232 3546 quaedam
251 3453 403 3524 aetherea
414 3454 450 3524 in
463 3452 584 3554 linibus
602 3453 735 3545 Mundi,
757 3471 794 3528 ut
809 3457 885 3556 ipsi,
896 3457 1005 3532 Stoici
1022 3459 1129 3532 Deum

74 3555 303 3654 concipiebant
324 3605 334 3644 ,
362 3553 579 3650 praecingens
597 3568 629 3624 et
648 3555 872 3652 complectens
899 3557 1006 3656 ipsum
1026 3559 1132 3632 Mum.

77 3651 158 3724 dum.
188 3657 280 3726 Tum
305 3651 459 3726 Lutatius
484 3653 637 3726 Placidus
663 3654 867 3728 Sehuliustes
886 3658 994 3746 ¹Stetii
1021 3658 1064 3730 ed
1089 3683 1131 3732 eu
1231 3685 1233 3689 ’
1316 3671 1321 3680 ’

74 3751 154 3824 tier.
173 3755 240 3830 IV.
264 3753 365 3826 Theb.
386 3781 419 3825 v.
445 3756 528 3824 5t5.
555 3746 587 3825 et
608 3753 758 3851 Triplicis
785 3755 907 3831 Maedi
933 3788 1089 3846 cumarum
1115 3783 1125 3828 ε

73 3847 210 3935 adnutat:
233 3856 324 3948 Dicit
341 3858 449 3928 Dorou
474 3856 725 3951 Demoperpooa
751 3867 1036 3946 commemoretur
1062 3885 1130 3928 ao-

73 3972 137 4019 aan
159 3963 329 4028 scireaea
343 3959 438 4026 lieet.
466 3955 591 4049 infiniti
615 3971 723 4040 entem
742 3955 1123 4054 PhilosophorumMo*

76 4069 205 4135 qurum.
289 4073 423 4152 praeter
445 4057 504 4128 Itos
529 4055 621 4130 Deos
645 4061 802 4149 coquitur,
831 4063 886 4152 qui
903 4061 1054 4130 rotantur
1089 4057 1127 4124 ire

82 4141 209 4250 Templis
242 4158 343 4229 olium
360 4153 556 4266 ,Panopeos
581 4159 785 4232 eumaem
809 4157 918 4231 Deam
942 4163 1127 4258 ceterorum
