2966 5022
939 338 941 342 ·
1026 337 1091 408 ur

449 437 695 536 sucuro
736 435 781 515 v.
824 431 867 484 ··

71 595 73 598 Ι
172 644 232 696 nu
257 637 475 692 euaneueann
496 639 679 718 nunninus
700 636 814 699 nunna
840 631 1056 693 autunum.

500 787 579 862 Ca
603 815 636 862 r.
688 785 718 860 Ι.

174 961 333 1037 Bacchus
357 957 558 1056 Protoqonus
582 955 795 1034 Etruscorum
821 937 1046 1048 benennom.

127 1131 158 1205 1.
185 1133 350 1208 Bacchus
374 1131 575 1228 Prataqunue
600 1129 815 1208 Etruscorum
841 1134 1057 1210 eetBaeehna
1078 1134 1148 1210 Cu·

19 1247 21 1252 '
60 1236 197 1309 ‘herene
225 1238 386 1308 eviratus.

130 1339 165 1406 1.
196 1332 242 1406 ld
271 1335 358 1406 euin]
384 1332 538 1406 Clemens
563 1327 808 1405 Alexandrinus
824 1347 939 1432 aputu
953 1331 1150 1412 testatur'ia

78 1433 245 1530 Protrept.
275 1459 356 1532 pag.
389 1437 448 1506 12.
478 1447 513 1504 et
537 1433 666 1506 Bacchi
695 1433 837 1508 Gubirici
876 1433 943 1508 lata
967 1437 1011 1508 ab
1037 1435 1150 1510 Arnu-

78 1533 153 1626 bio,
182 1534 284 1608 Julio
309 1533 474 1622 Firmino,
503 1531 640 1625 Nonne,
667 1531 814 1631 aliisque
837 1536 890 1608 vel
916 1535 1064 1610 indicata
1090 1535 1147 1612 vel

56 1633 258 1734 'descripta
268 1657 389 1772 Juque
415 1649 506 1707 certo
532 1649 609 1706 sunt
633 1647 842 1730 argumente.
862 1635 910 1708 Ut
925 1638 1064 1735 insuper
1081 1637 1152 1710 Co-

76 1734 243 1812 lumellae
268 1735 422 1806 nnebres
447 1733 726 1831 Pluallomorphue
757 1734 885 1830 ingenti
913 1763 1049 1810 numeru
1086 1763 1150 1838 per

82 1859 223 1908 emnem
248 1831 413 1906 Etruriam
438 1834 622 1925 inventae,
649 1847 687 1904 ut
712 1846 818 1904 testes
857 1849 930 1906 aunt
955 1835 1080 1910 Geriue
1116 1838 1154 1912 in

83 1934 191 2007 Mus.
219 1931 296 2006 Etr.
323 1933 371 2006 ll.
399 1956 483 2032 pag.
501 1935 588 2006 111.
607 1933 693 2006 utre.
722 1931 894 2005 Passerius
909 1935 1010 2006 Turn.
1027 1937 1091 2008 lll.
1112 1943 1151 2012 2.

79 2057 175 2136 pag.
204 2036 267 2108 27.
296 2034 358 2107 62.
387 2048 454 2106 ete.
483 2033 621 2130 aliique.
652 2033 744 2106 llaec
770 2047 878 2106 autem
902 2033 968 2106 Dei
985 2033 1159 2133 Protogeni

79 2141 225 2214 eviratio
251 2159 317 2210 uun
344 2131 513 2208 celebrate
537 2145 662 2206 tantum
687 2132 720 2204 in
737 2133 886 2206 Pantheo
908 2135 1058 2208 Cabiaico
1091 2137 1156 2210 Su·

73 2237 271 2314 motluaeio
296 2249 398 2332 utque
424 2233 580 2326 Etrusco,
609 2233 719 2306 sedin
744 2232 891 2306 Pantheo
909 2235 1020 2333 Tyrio
1037 2235 1158 2310 Eamu-

83 2365 169 2426 πω,
196 2338 232 2408 in
256 2337 383 2434 Byblio
409 2335 557 2423 Adonis,
584 2333 619 2406 in
644 2333 818 2432 Aegyptio
846 2332 970 2424 Osiris,
996 2337 1032 2408 in
1063 2335 1157 2410 Indi-

84 2461 131 2508 ee
161 2435 255 2528 Siva,
282 2439 317 2508 in
343 2435 492 2534 Phrygio
517 2435 644 2534 Amys,
671 2436 705 2506 in
732 2434 909 2510 Helleniue
941 2433 1088 2532 Πναηω,
1122 2451 1157 2512 et

83 2537 274 2610 seeundum
298 2535 418 2634 pluras
439 2536 539 2612 etiam
564 2536 696 2612 liranus
720 2541 851 2610 euz'ruti.
1140 2573 1143 2584 ·

18 2687 20 2690 -
105 2713 108 2721 ,
141 2635 191 2708 ΙΙ.
220 2639 417 2713 Indicantnr
437 2637 610 2710 Dramata
635 2634 779 2714 Etmea
803 2637 936 2712 Bacchi
955 2637 1100 2712 Catinae·
1123 2664 1158 2712 e·

81 2745 234 2812 airaudi.
1082 2789 1084 2798 r

141 2839 185 2911 In
211 2840 359 2938 Speculo
383 2837 519 2914 funebri
544 2841 637 2916 edito
662 2868 682 2916 u
706 2841 850 2917 Miealie
876 2842 964 2916 uae.
998 2839 1060 2914 17..
1089 2855 1159 2916 tres

86 2942 236 3012 Juvenes
262 2942 363 3040 plane
388 2941 517 3014 similes
544 2957 579 3016 et
602 2967 743 3042 prensus
772 2945 854 3018 nudi
890 2956 1006 3016 mutue
1045 2943 1157 3016 eullu-

85 3055 246 3114 utantur:
274 3043 413 3116 Medius
439 3042 567 3116 dieitur
591 3069 845 3138 ennnucnusu,
872 3043 988 3116 dexter
1012 3069 1160 3116 nunnun-

21 3203 23 3209 ,
79 3167 146 3227 un,
178 3142 312 3214 sinister
337 3169 524 3234 ussuruu:
553 3144 695 3218 alaeve
720 3158 818 3242 parte
843 3159 895 3217 eat
912 3144 1051 3238 Mulier,
1071 3168 1159 3244 quae

83 3241 213 3316 Arcam
238 3243 456 3316 semieurvuta
481 3245 615 3342 aperit,
655 3244 819 3341 inscripta
844 3269 969 3318 runnu:
996 3271 1016 3318 a
1041 3246 1159 3320 dextra

84 3357 187 3439 parte
214 3342 343 3414 Mulier
367 3341 466 3414 adest
489 3346 652 3437 tunicata,
680 3345 842 3444 galeata,
870 3345 1046 3436 lanceata,
1074 3369 1162 3443 quae
1185 3431 1188 3437 ,

84 3443 163 3542 ipsa
188 3443 344 3516 Minerva
361 3455 428 3532 est,
448 3445 514 3516 etsi
538 3445 666 3519 lemma.
682 3471 748 3517 nnn
774 3446 877 3538 adsit,
892 3447 988 3546 qued
1004 3443 1071 3518 luit
1086 3445 1157 3518 lur-

88 3557 138 3635 te‚
165 3555 266 3642 parte
291 3542 432 3642 Speeuli
457 3542 605 3618 effracta.
633 3545 796 3618 Miuulius
809 3547 874 3618 111.
890 3573 970 3646 pag.
993 3546 1054 3619 8l.
1075 3572 1161 3648 puu-

88 3670 140 3736 ea,
169 3641 337 3735 confusa,
364 3656 403 3724 et
423 3669 491 3718 non
517 3659 596 3744 apte
619 3645 664 3720 de
688 3670 782 3720 more
806 3649 966 3746 pretulit.
995 3646 1071 3720 Nes
1100 3675 1160 3722 au·

87 3756 156 3816 tem
179 3758 337 3841 putamus
375 3741 420 3818 (le
459 3745 536 3844 ipsa
560 3747 691 3822 Bacchi
714 3745 891 3846 Protaqoni
927 3755 1102 3823 eaa'rutinnu
1137 3773 1161 3821 a
1259 3773 1263 3784 ’

94 3843 230 3918 duobus
255 3843 415 3916 iratribus
440 3847 652 3946 exsequenda
675 3846 743 3920 hoe
766 3849 802 3924 in
827 3849 983 3926 Dramate
1008 3848 1095 3944 agi:
1128 3859 1163 3918 et

92 3945 177 4016 adeo
201 3945 356 4018 exhiberi·
379 3943 509 4020 Aream
534 3949 762 4024 illamrerere
778 3975 929 4026 arcanam
958 3950 1158 4035 Cubiaa‘cam,

90 4069 156 4143 qua
170 4047 264 4123 Vires
277 4046 408 4120 uaccas
432 4063 549 4126 essent
568 4047 795 4146 recipiendae:
815 4049 903 4137 Tum
925 4067 1013 4143 quaa
1037 4041 1163 4138 recipit

88 4161 122 4224 et
134 4160 398 4232 seruntuuuan‘a
412 4159 478 4244 est,
489 4144 608 4230 'Venus
625 4163 677 4228 'est
692 4149 896 4250 genitaliter
913 4139 1109 4244 satuentes,
1124 4155 1158 4218 el
