<?xml version="1.0" encoding="UTF-8"?>
<!DOCTYPE html PUBLIC "-//W3C//DTD XHTML 1.0 Transitional//EN"
    "http://www.w3.org/TR/xhtml1/DTD/xhtml1-transitional.dtd">
<html xmlns="http://www.w3.org/1999/xhtml" xml:lang="en" lang="en">
 <head>
  <title>
</title>
<meta http-equiv="Content-Type" content="text/html;charset=utf-8" />
  <meta name='ocr-system' content='tesseract 3.04.00' />
  <meta name='ocr-capabilities' content='ocr_page ocr_carea ocr_par ocr_line ocrx_word'/>
</head>
<body>
  <div class='ocr_page' id='page_1' title='image "./tentaminahierog00janngoog_0104.png"; bbox 0 0 2966 5022; ppageno 0'>
   <div class='ocr_carea' id='block_1_1' title="bbox 479 209 1085 388">
    <p class='ocr_par' dir='ltr' id='par_1_1' title="bbox 479 209 1085 388">
     <span class='ocr_line' id='line_1_1' title="bbox 1037 209 1085 280; baseline -0.042 0"><span class='ocrx_word' id='word_1_1' title='bbox 1037 209 1085 280; x_wconf 77' lang='grc'>75</span> 
     </span>
     <span class='ocr_line' id='line_1_2' title="bbox 479 310 728 388; baseline 0.016 -6"><span class='ocrx_word' id='word_1_2' title='bbox 479 311 505 382; x_wconf 86' lang='lat' dir='ltr'><strong>G</strong></span> <span class='ocrx_word' id='word_1_3' title='bbox 530 330 622 388; x_wconf 55' lang='lat' dir='ltr'>aas</span> <span class='ocrx_word' id='word_1_4' title='bbox 664 310 728 386; x_wconf 76' lang='lat' dir='ltr'>IV.</span> 
     </span>
    </p>
   </div>
   <div class='ocr_carea' id='block_1_2' title="bbox 132 465 1032 668">
    <p class='ocr_par' dir='ltr' id='par_1_2' title="bbox 132 465 1032 668">
     <span class='ocr_line' id='line_1_3' title="bbox 132 465 1032 546; baseline -0.013 1"><span class='ocrx_word' id='word_1_5' title='bbox 132 495 135 502; x_wconf 87' lang='lat'>&#39;</span> <span class='ocrx_word' id='word_1_6' title='bbox 179 469 354 546; x_wconf 80' lang='lat' dir='ltr'><strong><em>Vulcanus</em></strong></span> <span class='ocrx_word' id='word_1_7' title='bbox 378 473 483 540; x_wconf 80' lang='lat' dir='ltr'>iunior</span> <span class='ocrx_word' id='word_1_8' title='bbox 506 475 570 541; x_wconf 82' lang='lat' dir='ltr'>sice</span> <span class='ocrx_word' id='word_1_9' title='bbox 597 495 787 544; x_wconf 68' lang='lat' dir='ltr'>seruulus</span> <span class='ocrx_word' id='word_1_10' title='bbox 814 465 1032 541; x_wconf 80' lang='lat' dir='ltr'>Etruscarum</span> 
     </span>
     <span class='ocr_line' id='line_1_4' title="bbox 476 571 705 668; baseline 0 -24"><span class='ocrx_word' id='word_1_11' title='bbox 476 588 480 598; x_wconf 86' lang='grc'><strong>’</strong></span> <span class='ocrx_word' id='word_1_12' title='bbox 495 571 705 668; x_wconf 72' lang='lat' dir='ltr'>Demiurqus.</span> 
     </span>
    </p>
   </div>
   <div class='ocr_carea' id='block_1_3' title="bbox 65 687 1138 1018">
    <p class='ocr_par' dir='ltr' id='par_1_3' title="bbox 65 687 1138 1018">
     <span class='ocr_line' id='line_1_5' title="bbox 115 687 928 806; baseline -0.006 -26"><span class='ocrx_word' id='word_1_13' title='bbox 115 701 154 780; x_wconf 86' lang='lat' dir='ltr'>l.</span> <span class='ocrx_word' id='word_1_14' title='bbox 184 687 449 782; x_wconf 74' lang='lat' dir='ltr'>Neo-Vulcanus</span> <span class='ocrx_word' id='word_1_15' title='bbox 474 705 637 782; x_wconf 75' lang='lat' dir='ltr'>Etruscus</span> <span class='ocrx_word' id='word_1_16' title='bbox 662 707 928 806; x_wconf 81' lang='lat' dir='ltr'>Mallccplrorus.</span> 
     </span>
     <span class='ocr_line' id='line_1_6' title="bbox 118 799 1138 908; baseline -0.002 -30"><span class='ocrx_word' id='word_1_17' title='bbox 118 805 159 880; x_wconf 92' lang='lat' dir='ltr'>lu</span> <span class='ocrx_word' id='word_1_18' title='bbox 191 806 338 906; x_wconf 85' lang='lat' dir='ltr'>Speculo</span> <span class='ocrx_word' id='word_1_19' title='bbox 364 806 507 880; x_wconf 89' lang='lat' dir='ltr'>Etrusco</span> <span class='ocrx_word' id='word_1_20' title='bbox 533 807 663 882; x_wconf 83' lang='lat' dir='ltr'>funebri</span> <span class='ocrx_word' id='word_1_21' title='bbox 689 807 783 908; x_wconf 92' lang='lat' dir='ltr'>quod</span> <span class='ocrx_word' id='word_1_22' title='bbox 814 803 927 882; x_wconf 79' lang='lat' dir='ltr'>edidit</span> <span class='ocrx_word' id='word_1_23' title='bbox 950 799 1138 898; x_wconf 76' lang='lat' dir='ltr'>Duruwiue</span> 
     </span>
     <span class='ocr_line' id='line_1_7' title="bbox 65 901 1135 1018; baseline -0.005 -39"><span class='ocrx_word' id='word_1_24' title='bbox 65 905 104 979; x_wconf 89' lang='lat' dir='ltr'>iu</span> <span class='ocrx_word' id='word_1_25' title='bbox 132 933 193 980; x_wconf 87' lang='lat' dir='ltr'>suo</span> <span class='ocrx_word' id='word_1_26' title='bbox 226 909 361 1008; x_wconf 71' lang='lat' dir='ltr'>Voycqe</span> <span class='ocrx_word' id='word_1_27' title='bbox 390 909 591 1004; x_wconf 71' lang='lat' dir='ltr'>Areluclcq.</span> <span class='ocrx_word' id='word_1_28' title='bbox 621 908 707 981; x_wconf 89' lang='lat' dir='ltr'>Tab.</span> <span class='ocrx_word' id='word_1_29' title='bbox 725 907 808 982; x_wconf 84' lang='lat' dir='ltr'>XV.</span> <span class='ocrx_word' id='word_1_30' title='bbox 837 920 872 980; x_wconf 87' lang='lat' dir='ltr'>et</span> <span class='ocrx_word' id='word_1_31' title='bbox 898 901 1081 1018; x_wconf 70' lang='lat' dir='ltr'>descripsit</span> <span class='ocrx_word' id='word_1_32' title='bbox 1097 925 1135 1000; x_wconf 88' lang='lat' dir='ltr'>p.</span> 
     </span>
    </p>
   </div>
   <div class='ocr_carea' id='block_1_4' title="bbox 47 1005 1146 4124">
    <p class='ocr_par' dir='ltr' id='par_1_4' title="bbox 47 1005 1146 4124">
     <span class='ocr_line' id='line_1_8' title="bbox 66 1005 1140 1106; baseline -0.009 -25"><span class='ocrx_word' id='word_1_33' title='bbox 66 1009 128 1081; x_wconf 79' lang='lat'>29.</span> <span class='ocrx_word' id='word_1_34' title='bbox 160 1007 228 1080; x_wconf 86' lang='lat'>30.</span> <span class='ocrx_word' id='word_1_35' title='bbox 258 1007 467 1104; x_wconf 80' lang='lat' dir='ltr'>conspicitur</span> <span class='ocrx_word' id='word_1_36' title='bbox 491 1007 628 1082; x_wconf 76' lang='lat' dir='ltr'>Juvenis</span> <span class='ocrx_word' id='word_1_37' title='bbox 655 1024 745 1082; x_wconf 82' lang='lat' dir='ltr'>stans</span> <span class='ocrx_word' id='word_1_38' title='bbox 783 1005 915 1106; x_wconf 87' lang='lat' dir='ltr'>pileolo</span> <span class='ocrx_word' id='word_1_39' title='bbox 954 1025 1073 1078; x_wconf 87' lang='lat' dir='ltr'>ccurco</span> <span class='ocrx_word' id='word_1_40' title='bbox 1104 1014 1140 1072; x_wconf 87' lang='lat' dir='ltr'>ct</span> 
     </span>
     <span class='ocr_line' id='line_1_9' title="bbox 64 1101 1142 1206; baseline -0.007 -26"><span class='ocrx_word' id='word_1_41' title='bbox 64 1123 232 1180; x_wconf 86' lang='lat' dir='ltr'>coronato</span> <span class='ocrx_word' id='word_1_42' title='bbox 260 1121 368 1206; x_wconf 87' lang='lat' dir='ltr'>eaput</span> <span class='ocrx_word' id='word_1_43' title='bbox 395 1119 517 1198; x_wconf 85' lang='lat' dir='ltr'>tectus,</span> <span class='ocrx_word' id='word_1_44' title='bbox 546 1109 777 1200; x_wconf 82' lang='lat' dir='ltr'>cothurnatus,</span> <span class='ocrx_word' id='word_1_45' title='bbox 796 1122 831 1180; x_wconf 88' lang='lat' dir='ltr'>et</span> <span class='ocrx_word' id='word_1_46' title='bbox 856 1107 968 1178; x_wconf 84' lang='lat' dir='ltr'>tunica</span> <span class='ocrx_word' id='word_1_47' title='bbox 993 1101 1089 1176; x_wconf 74' lang='lat' dir='ltr'>brevi</span> <span class='ocrx_word' id='word_1_48' title='bbox 1106 1113 1142 1174; x_wconf 90' lang='lat' dir='ltr'>et</span> 
     </span>
     <span class='ocr_line' id='line_1_10' title="bbox 59 1202 1138 1306; baseline -0.006 -26"><span class='ocrx_word' id='word_1_49' title='bbox 59 1209 232 1282; x_wconf 80' lang='lat' dir='ltr'>discincta</span> <span class='ocrx_word' id='word_1_50' title='bbox 261 1207 420 1296; x_wconf 86' lang='lat' dir='ltr'>indutus,</span> <span class='ocrx_word' id='word_1_51' title='bbox 449 1206 565 1282; x_wconf 82' lang='lat' dir='ltr'>dextra</span> <span class='ocrx_word' id='word_1_52' title='bbox 591 1210 748 1282; x_wconf 86' lang='lat' dir='ltr'>malleum</span> <span class='ocrx_word' id='word_1_53' title='bbox 768 1231 900 1306; x_wconf 78' lang='lat' dir='ltr'>gerens,</span> <span class='ocrx_word' id='word_1_54' title='bbox 921 1204 1071 1290; x_wconf 73' lang='lat' dir='ltr'>sinistri,</span> <span class='ocrx_word' id='word_1_55' title='bbox 1086 1202 1138 1274; x_wconf 91' lang='lat' dir='ltr'>iu-</span> 
     </span>
     <span class='ocr_line' id='line_1_11' title="bbox 58 1301 1135 1408; baseline 0.002 -30"><span class='ocrx_word' id='word_1_56' title='bbox 58 1310 184 1382; x_wconf 88' lang='lat' dir='ltr'>clinato</span> <span class='ocrx_word' id='word_1_57' title='bbox 209 1309 426 1406; x_wconf 85' lang='lat' dir='ltr'>aliquantum</span> <span class='ocrx_word' id='word_1_58' title='bbox 441 1332 599 1408; x_wconf 87' lang='lat' dir='ltr'>corpure,</span> <span class='ocrx_word' id='word_1_59' title='bbox 617 1323 763 1382; x_wconf 83' lang='lat' dir='ltr'>amanter</span> <span class='ocrx_word' id='word_1_60' title='bbox 781 1305 1008 1404; x_wconf 84' lang='lat' dir='ltr'>complectens</span> <span class='ocrx_word' id='word_1_61' title='bbox 1032 1301 1135 1380; x_wconf 83' lang='lat' dir='ltr'>alium</span> 
     </span>
     <span class='ocr_line' id='line_1_12' title="bbox 55 1401 1130 1506; baseline -0.006 -26"><span class='ocrx_word' id='word_1_62' title='bbox 55 1411 221 1484; x_wconf 78' lang='lat' dir='ltr'>iuvenem</span> <span class='ocrx_word' id='word_1_63' title='bbox 246 1424 355 1480; x_wconf 85' lang='lat' dir='ltr'>aetate</span> <span class='ocrx_word' id='word_1_64' title='bbox 380 1432 508 1505; x_wconf 86' lang='lat' dir='ltr'>parem,</span> <span class='ocrx_word' id='word_1_65' title='bbox 528 1409 760 1482; x_wconf 89' lang='lat' dir='ltr'>cothurnatum</span> <span class='ocrx_word' id='word_1_66' title='bbox 786 1405 938 1506; x_wconf 89' lang='lat' dir='ltr'>quidem,</span> <span class='ocrx_word' id='word_1_67' title='bbox 967 1401 1029 1478; x_wconf 86' lang='lat' dir='ltr'>sed</span> <span class='ocrx_word' id='word_1_68' title='bbox 1055 1401 1130 1500; x_wconf 90' lang='lat' dir='ltr'>pla·</span> 
     </span>
     <span class='ocr_line' id='line_1_13' title="bbox 54 1501 1126 1585; baseline -0.007 -4"><span class='ocrx_word' id='word_1_69' title='bbox 54 1537 92 1583; x_wconf 90' lang='lat' dir='ltr'>ne</span> <span class='ocrx_word' id='word_1_70' title='bbox 118 1511 266 1582; x_wconf 89' lang='lat' dir='ltr'>nudum.</span> <span class='ocrx_word' id='word_1_71' title='bbox 294 1509 383 1580; x_wconf 89' lang='lat' dir='ltr'>Hinc</span> <span class='ocrx_word' id='word_1_72' title='bbox 409 1507 488 1583; x_wconf 88' lang='lat' dir='ltr'>inde</span> <span class='ocrx_word' id='word_1_73' title='bbox 513 1510 722 1585; x_wconf 78' lang='lat' dir='ltr'>adstantibus</span> <span class='ocrx_word' id='word_1_74' title='bbox 746 1509 878 1584; x_wconf 86' lang='lat' dir='ltr'>duobus</span> <span class='ocrx_word' id='word_1_75' title='bbox 905 1505 978 1578; x_wconf 86' lang='lat' dir='ltr'>lere</span> <span class='ocrx_word' id='word_1_76' title='bbox 1003 1501 1126 1574; x_wconf 88' lang='lat' dir='ltr'>simili·</span> 
     </span>
     <span class='ocr_line' id='line_1_14' title="bbox 53 1607 1128 1700; baseline -0.004 -18"><span class='ocrx_word' id='word_1_77' title='bbox 53 1609 114 1682; x_wconf 90' lang='lat' dir='ltr'>bns</span> <span class='ocrx_word' id='word_1_78' title='bbox 140 1607 332 1682; x_wconf 85' lang='lat' dir='ltr'>Juvenibus</span> <span class='ocrx_word' id='word_1_79' title='bbox 358 1607 524 1684; x_wconf 87' lang='lat' dir='ltr'>Gemellis</span> <span class='ocrx_word' id='word_1_80' title='bbox 563 1626 598 1684; x_wconf 91' lang='lat' dir='ltr'>et</span> <span class='ocrx_word' id='word_1_81' title='bbox 631 1610 747 1700; x_wconf 87' lang='lat' dir='ltr'>nudis.</span> <span class='ocrx_word' id='word_1_82' title='bbox 776 1611 969 1700; x_wconf 70' lang='lat' dir='ltr'>Malleoscn&#39;</span> <span class='ocrx_word' id='word_1_83' title='bbox 1007 1627 1128 1680; x_wconf 86' lang='lat' dir='ltr'>numen</span> 
     </span>
     <span class='ocr_line' id='line_1_15' title="bbox 52 1707 1133 1810; baseline -0.006 -28"><span class='ocrx_word' id='word_1_84' title='bbox 52 1711 245 1783; x_wconf 89' lang='lat' dir='ltr'>absumtum</span> <span class='ocrx_word' id='word_1_85' title='bbox 271 1709 410 1784; x_wconf 83' lang='lat' dir='ltr'>maxima</span> <span class='ocrx_word' id='word_1_86' title='bbox 436 1736 476 1782; x_wconf 83' lang='lat' dir='ltr'>cx</span> <span class='ocrx_word' id='word_1_87' title='bbox 502 1725 612 1810; x_wconf 85' lang='lat' dir='ltr'>purte.</span> <span class='ocrx_word' id='word_1_88' title='bbox 641 1711 694 1784; x_wconf 81' lang='lat' dir='ltr'>Ex</span> <span class='ocrx_word' id='word_1_89' title='bbox 720 1707 918 1808; x_wconf 77' lang='lat' dir='ltr'>fragmentis</span> <span class='ocrx_word' id='word_1_90' title='bbox 943 1721 1050 1779; x_wconf 87' lang='lat' dir='ltr'>tamen</span> <span class='ocrx_word' id='word_1_91' title='bbox 1079 1728 1133 1776; x_wconf 91' lang='lat' dir='ltr'>re-</span> 
     </span>
     <span class='ocr_line' id='line_1_16' title="bbox 50 1807 1130 1908; baseline -0.004 -26"><span class='ocrx_word' id='word_1_92' title='bbox 50 1825 104 1884; x_wconf 86' lang='lat' dir='ltr'>ete</span> <span class='ocrx_word' id='word_1_93' title='bbox 130 1823 222 1908; x_wconf 80' lang='lat' dir='ltr'>puto</span> <span class='ocrx_word' id='word_1_94' title='bbox 247 1808 443 1886; x_wconf 86' lang='lat' dir='ltr'>Dorowium</span> <span class='ocrx_word' id='word_1_95' title='bbox 457 1809 626 1884; x_wconf 85' lang='lat' dir='ltr'>Oriolium</span> <span class='ocrx_word' id='word_1_96' title='bbox 643 1813 801 1907; x_wconf 87' lang='lat' dir='ltr'>aliusque</span> <span class='ocrx_word' id='word_1_97' title='bbox 817 1807 1004 1880; x_wconf 86' lang='lat' dir='ltr'>restituisse</span> <span class='ocrx_word' id='word_1_98' title='bbox 1021 1830 1130 1880; x_wconf 79' lang='lat' dir='ltr'>sunn-</span> 
     </span>
     <span class='ocr_line' id='line_1_17' title="bbox 50 1907 1129 2004; baseline -0.004 -24"><span class='ocrx_word' id='word_1_99' title='bbox 50 1935 162 1998; x_wconf 71' lang='lat' dir='ltr'>enns,</span> <span class='ocrx_word' id='word_1_100' title='bbox 195 1907 355 1984; x_wconf 82' lang='lat' dir='ltr'>Gemellus</span> <span class='ocrx_word' id='word_1_101' title='bbox 380 1911 489 1984; x_wconf 91' lang='lat' dir='ltr'>nudus</span> <span class='ocrx_word' id='word_1_102' title='bbox 506 1911 703 2004; x_wconf 87' lang='lat' dir='ltr'>inscribitur</span> <span class='ocrx_word' id='word_1_103' title='bbox 721 1927 853 1982; x_wconf 72' lang='lat' dir='ltr'>nunnus</span> <span class='ocrx_word' id='word_1_104' title='bbox 868 1907 923 1980; x_wconf 80' lang='lat' dir='ltr'>rel</span> <span class='ocrx_word' id='word_1_105' title='bbox 938 1926 1129 1998; x_wconf 82' lang='lat' dir='ltr'>rnnrnnnn,</span> 
     </span>
     <span class='ocr_line' id='line_1_18' title="bbox 50 2005 1127 2110; baseline -0.002 -32"><span class='ocrx_word' id='word_1_106' title='bbox 50 2009 114 2082; x_wconf 79' lang='lat' dir='ltr'>vel</span> <span class='ocrx_word' id='word_1_107' title='bbox 142 2029 329 2099; x_wconf 83' lang='lat' dir='ltr'>nnunnnun,</span> <span class='ocrx_word' id='word_1_108' title='bbox 349 2025 385 2080; x_wconf 85' lang='lat' dir='ltr'>ut</span> <span class='ocrx_word' id='word_1_109' title='bbox 402 2012 463 2082; x_wconf 84' lang='lat' dir='ltr'>ulii</span> <span class='ocrx_word' id='word_1_110' title='bbox 488 2011 627 2084; x_wconf 83' lang='lat' dir='ltr'>mallent</span> <span class='ocrx_word' id='word_1_111' title='bbox 650 2012 781 2110; x_wconf 79' lang='lat' dir='ltr'>legere.</span> <span class='ocrx_word' id='word_1_112' title='bbox 803 2005 980 2083; x_wconf 84' lang='lat' dir='ltr'>Gemellus</span> <span class='ocrx_word' id='word_1_113' title='bbox 1001 2005 1043 2076; x_wconf 86' lang='lat' dir='ltr'>ad</span> <span class='ocrx_word' id='word_1_114' title='bbox 1064 2005 1127 2077; x_wconf 90' lang='lat' dir='ltr'>bu-</span> 
     </span>
     <span class='ocr_line' id='line_1_19' title="bbox 49 2103 1131 2204; baseline -0.004 -24"><span class='ocrx_word' id='word_1_115' title='bbox 49 2110 110 2180; x_wconf 88' lang='lat' dir='ltr'>ius</span> <span class='ocrx_word' id='word_1_116' title='bbox 126 2107 296 2179; x_wconf 84' lang='lat' dir='ltr'>sinistram</span> <span class='ocrx_word' id='word_1_117' title='bbox 313 2107 439 2181; x_wconf 88' lang='lat' dir='ltr'>dicitur</span> <span class='ocrx_word' id='word_1_118' title='bbox 456 2136 586 2204; x_wconf 77' lang='lat' dir='ltr'>nsnnn,</span> <span class='ocrx_word' id='word_1_119' title='bbox 602 2111 775 2184; x_wconf 87' lang='lat' dir='ltr'>Gemellus</span> <span class='ocrx_word' id='word_1_120' title='bbox 793 2107 838 2184; x_wconf 90' lang='lat' dir='ltr'>ad</span> <span class='ocrx_word' id='word_1_121' title='bbox 852 2109 1024 2182; x_wconf 82' lang='lat' dir='ltr'>dexteram</span> <span class='ocrx_word' id='word_1_122' title='bbox 1040 2103 1131 2176; x_wconf 83' lang='lat' dir='ltr'>blal-</span> 
     </span>
     <span class='ocr_line' id='line_1_20' title="bbox 50 2203 1129 2310; baseline -0.003 -29"><span class='ocrx_word' id='word_1_123' title='bbox 50 2206 184 2281; x_wconf 89' lang='lat' dir='ltr'>leolori</span> <span class='ocrx_word' id='word_1_124' title='bbox 209 2229 335 2280; x_wconf 79' lang='lat' dir='ltr'>unnru.</span> <span class='ocrx_word' id='word_1_125' title='bbox 365 2211 418 2283; x_wconf 89' lang='lat' dir='ltr'>De</span> <span class='ocrx_word' id='word_1_126' title='bbox 443 2209 498 2284; x_wconf 87' lang='lat' dir='ltr'>bis</span> <span class='ocrx_word' id='word_1_127' title='bbox 523 2227 631 2286; x_wconf 87' lang='lat' dir='ltr'>antem</span> <span class='ocrx_word' id='word_1_128' title='bbox 657 2211 848 2310; x_wconf 88' lang='lat' dir='ltr'>duplicibus</span> <span class='ocrx_word' id='word_1_129' title='bbox 877 2203 1041 2282; x_wconf 85' lang='lat' dir='ltr'>Gemellis</span> <span class='ocrx_word' id='word_1_130' title='bbox 1067 2228 1129 2278; x_wconf 88' lang='lat' dir='ltr'>nec</span> 
     </span>
     <span class='ocr_line' id='line_1_21' title="bbox 49 2304 1122 2410; baseline -0.003 -29"><span class='ocrx_word' id='word_1_131' title='bbox 49 2309 261 2398; x_wconf 72' lang='lat' dir='ltr'>Duronius,</span> <span class='ocrx_word' id='word_1_132' title='bbox 289 2335 351 2382; x_wconf 87' lang='lat' dir='ltr'>nec</span> <span class='ocrx_word' id='word_1_133' title='bbox 377 2309 558 2402; x_wconf 87' lang='lat' dir='ltr'>Oriclius‚</span> <span class='ocrx_word' id='word_1_134' title='bbox 585 2339 646 2386; x_wconf 93' lang='lat' dir='ltr'>nec</span> <span class='ocrx_word' id='word_1_135' title='bbox 671 2327 826 2410; x_wconf 88' lang='lat' dir='ltr'>quantum</span> <span class='ocrx_word' id='word_1_136' title='bbox 845 2306 979 2382; x_wconf 89' lang='lat' dir='ltr'>memini</span> <span class='ocrx_word' id='word_1_137' title='bbox 1006 2304 1122 2396; x_wconf 86' lang='lat' dir='ltr'>alius,</span> 
     </span>
     <span class='ocr_line' id='line_1_22' title="bbox 48 2407 1122 2508; baseline 0.003 -28"><span class='ocrx_word' id='word_1_138' title='bbox 48 2432 146 2505; x_wconf 87' lang='lat' dir='ltr'>quae</span> <span class='ocrx_word' id='word_1_139' title='bbox 170 2410 351 2490; x_wconf 79' lang='lat' dir='ltr'>essentad</span> <span class='ocrx_word' id='word_1_140' title='bbox 375 2437 443 2484; x_wconf 89' lang='lat' dir='ltr'>rem</span> <span class='ocrx_word' id='word_1_141' title='bbox 470 2414 666 2488; x_wconf 87' lang='lat' dir='ltr'>retulerunt.</span> <span class='ocrx_word' id='word_1_142' title='bbox 685 2413 752 2508; x_wconf 87' lang='lat' dir='ltr'>Qui</span> <span class='ocrx_word' id='word_1_143' title='bbox 777 2426 883 2486; x_wconf 86' lang='lat' dir='ltr'>autem</span> <span class='ocrx_word' id='word_1_144' title='bbox 910 2410 945 2482; x_wconf 94' lang='lat' dir='ltr'>in</span> <span class='ocrx_word' id='word_1_145' title='bbox 979 2407 1122 2483; x_wconf 82' lang='lat' dir='ltr'>Etrusca</span> 
     </span>
     <span class='ocr_line' id='line_1_23' title="bbox 47 2505 1123 2609; baseline -0.004 -27"><span class='ocrx_word' id='word_1_146' title='bbox 47 2508 304 2606; x_wconf 81' lang='lat' dir='ltr'>Hiercgrapbia</span> <span class='ocrx_word' id='word_1_147' title='bbox 330 2511 551 2609; x_wconf 84' lang='lat' dir='ltr'>Speculorum</span> <span class='ocrx_word' id='word_1_148' title='bbox 576 2527 627 2588; x_wconf 88' lang='lat' dir='ltr'>est</span> <span class='ocrx_word' id='word_1_149' title='bbox 652 2528 811 2588; x_wconf 70' lang='lat' dir='ltr'>versatus,</span> <span class='ocrx_word' id='word_1_150' title='bbox 826 2511 926 2584; x_wconf 82' lang='lat' dir='ltr'>facile</span> <span class='ocrx_word' id='word_1_151' title='bbox 958 2505 1123 2602; x_wconf 76' lang='lat' dir='ltr'>intelligit</span> 
     </span>
     <span class='ocr_line' id='line_1_24' title="bbox 49 2605 1117 2720; baseline -0.006 -38"><span class='ocrx_word' id='word_1_152' title='bbox 49 2635 120 2709; x_wconf 81' lang='lat' dir='ltr'>per</span> <span class='ocrx_word' id='word_1_153' title='bbox 145 2606 206 2680; x_wconf 90' lang='lat' dir='ltr'>bos</span> <span class='ocrx_word' id='word_1_154' title='bbox 231 2608 385 2707; x_wconf 89' lang='lat' dir='ltr'>duplices</span> <span class='ocrx_word' id='word_1_155' title='bbox 413 2611 599 2708; x_wconf 88' lang='lat' dir='ltr'>Gemellos,</span> <span class='ocrx_word' id='word_1_156' title='bbox 629 2615 790 2690; x_wconf 85' lang='lat' dir='ltr'>Gemellos</span> <span class='ocrx_word' id='word_1_157' title='bbox 815 2611 968 2700; x_wconf 79' lang='lat' dir='ltr'>Penates,</span> <span class='ocrx_word' id='word_1_158' title='bbox 996 2620 1029 2720; x_wconf 71' lang='lat' dir='ltr'>et</span> <span class='ocrx_word' id='word_1_159' title='bbox 1050 2605 1117 2678; x_wconf 85' lang='lat' dir='ltr'>Ge-</span> 
     </span>
     <span class='ocr_line' id='line_1_25' title="bbox 54 2705 1123 2810; baseline -0.001 -29"><span class='ocrx_word' id='word_1_160' title='bbox 54 2713 171 2782; x_wconf 82' lang='lat' dir='ltr'>mellos</span> <span class='ocrx_word' id='word_1_161' title='bbox 196 2707 301 2781; x_wconf 78' lang='lat' dir='ltr'>Lares</span> <span class='ocrx_word' id='word_1_162' title='bbox 327 2711 567 2788; x_wconf 85' lang='lat' dir='ltr'>Cubiristarum</span> <span class='ocrx_word' id='word_1_163' title='bbox 593 2729 627 2788; x_wconf 90' lang='lat' dir='ltr'>et</span> <span class='ocrx_word' id='word_1_164' title='bbox 652 2715 869 2788; x_wconf 86' lang='lat' dir='ltr'>Etruscorum</span> <span class='ocrx_word' id='word_1_165' title='bbox 884 2707 1043 2810; x_wconf 75' lang='lat' dir='ltr'>exprimi:</span> <span class='ocrx_word' id='word_1_166' title='bbox 1062 2705 1123 2804; x_wconf 88' lang='lat' dir='ltr'>qui</span> 
     </span>
     <span class='ocr_line' id='line_1_26' title="bbox 57 2807 1119 2914; baseline -0.004 -30"><span class='ocrx_word' id='word_1_167' title='bbox 57 2809 218 2908; x_wconf 88' lang='lat' dir='ltr'>duplices</span> <span class='ocrx_word' id='word_1_168' title='bbox 247 2810 385 2886; x_wconf 80' lang='lat' dir='ltr'>Gemelli</span> <span class='ocrx_word' id='word_1_169' title='bbox 408 2814 599 2912; x_wconf 80' lang='lat' dir='ltr'>frequenter</span> <span class='ocrx_word' id='word_1_170' title='bbox 624 2815 657 2888; x_wconf 92' lang='lat' dir='ltr'>in</span> <span class='ocrx_word' id='word_1_171' title='bbox 684 2815 869 2914; x_wconf 89' lang='lat' dir='ltr'>Speculis,</span> <span class='ocrx_word' id='word_1_172' title='bbox 896 2835 982 2911; x_wconf 87' lang='lat' dir='ltr'>quae</span> <span class='ocrx_word' id='word_1_173' title='bbox 1008 2807 1119 2883; x_wconf 85' lang='lat' dir='ltr'>Bona-</span> 
     </span>
     <span class='ocr_line' id='line_1_27' title="bbox 56 2907 1122 3014; baseline 0 -32"><span class='ocrx_word' id='word_1_174' title='bbox 56 2924 146 3002; x_wconf 84' lang='lat' dir='ltr'>rota‚</span> <span class='ocrx_word' id='word_1_175' title='bbox 176 2907 333 3004; x_wconf 74' lang='lat' dir='ltr'>bannitis,</span> <span class='ocrx_word' id='word_1_176' title='bbox 352 2914 570 3008; x_wconf 87' lang='lat' dir='ltr'>Contuccius,</span> <span class='ocrx_word' id='word_1_177' title='bbox 589 2915 809 3014; x_wconf 85' lang='lat' dir='ltr'>lngbiramius</span> <span class='ocrx_word' id='word_1_178' title='bbox 835 2913 1017 2988; x_wconf 90' lang='lat' dir='ltr'>ediderunt</span> <span class='ocrx_word' id='word_1_179' title='bbox 1041 2933 1122 2982; x_wconf 90' lang='lat' dir='ltr'>cun-</span> 
     </span>
     <span class='ocr_line' id='line_1_28' title="bbox 54 3009 1122 3116; baseline -0.001 -32"><span class='ocrx_word' id='word_1_180' title='bbox 54 3010 255 3108; x_wconf 85' lang='lat' dir='ltr'>spiciuntur.</span> <span class='ocrx_word' id='word_1_181' title='bbox 285 3012 329 3086; x_wconf 89' lang='lat' dir='ltr'>Et</span> <span class='ocrx_word' id='word_1_182' title='bbox 355 3014 411 3086; x_wconf 78' lang='lat' dir='ltr'>bic</span> <span class='ocrx_word' id='word_1_183' title='bbox 436 3015 573 3114; x_wconf 89' lang='lat' dir='ltr'>quidem</span> <span class='ocrx_word' id='word_1_184' title='bbox 598 3017 703 3090; x_wconf 83' lang='lat' dir='ltr'>Lares</span> <span class='ocrx_word' id='word_1_185' title='bbox 729 3013 867 3116; x_wconf 80' lang='lat' dir='ltr'>gemelli</span> <span class='ocrx_word' id='word_1_186' title='bbox 905 3009 1014 3089; x_wconf 82' lang='lat' dir='ltr'>divini</span> <span class='ocrx_word' id='word_1_187' title='bbox 1043 3025 1122 3084; x_wconf 89' lang='lat' dir='ltr'>sunt</span> 
     </span>
     <span class='ocr_line' id='line_1_29' title="bbox 53 3109 1120 3212; baseline 0.001 -32"><span class='ocrx_word' id='word_1_188' title='bbox 53 3133 168 3183; x_wconf 73' lang='lat' dir='ltr'>MARIM</span> <span class='ocrx_word' id='word_1_189' title='bbox 186 3126 220 3182; x_wconf 89' lang='lat' dir='ltr'>et</span> <span class='ocrx_word' id='word_1_190' title='bbox 236 3140 364 3205; x_wconf 68' lang='lat' dir='ltr'>nanu,</span> <span class='ocrx_word' id='word_1_191' title='bbox 383 3116 508 3212; x_wconf 90' lang='lat' dir='ltr'>quibus</span> <span class='ocrx_word' id='word_1_192' title='bbox 533 3116 744 3190; x_wconf 81' lang='lat' dir='ltr'>Mercurium</span> <span class='ocrx_word' id='word_1_193' title='bbox 769 3129 804 3188; x_wconf 88' lang='lat' dir='ltr'>et</span> <span class='ocrx_word' id='word_1_194' title='bbox 828 3113 972 3190; x_wconf 82' lang='lat' dir='ltr'>Martem</span> <span class='ocrx_word' id='word_1_195' title='bbox 992 3109 1120 3210; x_wconf 82' lang='lat' dir='ltr'>signifi-</span> 
     </span>
     <span class='ocr_line' id='line_1_30' title="bbox 55 3209 1118 3312; baseline 0.005 -31"><span class='ocrx_word' id='word_1_196' title='bbox 55 3212 122 3300; x_wconf 77' lang='lat' dir='ltr'>cari</span> <span class='ocrx_word' id='word_1_197' title='bbox 150 3209 306 3286; x_wconf 81' lang='lat' dir='ltr'>dubitare</span> <span class='ocrx_word' id='word_1_198' title='bbox 330 3240 397 3286; x_wconf 88' lang='lat' dir='ltr'>non</span> <span class='ocrx_word' id='word_1_199' title='bbox 422 3240 615 3312; x_wconf 87' lang='lat' dir='ltr'>possumus.</span> <span class='ocrx_word' id='word_1_200' title='bbox 659 3217 743 3290; x_wconf 89' lang='lat' dir='ltr'>Nam</span> <span class='ocrx_word' id='word_1_201' title='bbox 781 3217 815 3290; x_wconf 92' lang='lat' dir='ltr'>in</span> <span class='ocrx_word' id='word_1_202' title='bbox 853 3215 932 3288; x_wconf 90' lang='lat' dir='ltr'>aliis</span> <span class='ocrx_word' id='word_1_203' title='bbox 960 3210 1118 3312; x_wconf 88' lang='lat' dir='ltr'>Speculis</span> 
     </span>
     <span class='ocr_line' id='line_1_31' title="bbox 55 3303 1121 3410; baseline 0.01 -34"><span class='ocrx_word' id='word_1_204' title='bbox 55 3303 251 3384; x_wconf 83' lang='lat' dir='ltr'>funebribus</span> <span class='ocrx_word' id='word_1_205' title='bbox 277 3341 388 3409; x_wconf 73' lang='lat' dir='ltr'>nnnnn</span> <span class='ocrx_word' id='word_1_206' title='bbox 413 3314 602 3390; x_wconf 87' lang='lat' dir='ltr'>habendum</span> <span class='ocrx_word' id='word_1_207' title='bbox 619 3317 821 3410; x_wconf 66' lang='lat' dir='ltr'>Mercurium</span> <span class='ocrx_word' id='word_1_208' title='bbox 836 3318 966 3392; x_wconf 87' lang='lat' dir='ltr'>Patrem</span> <span class='ocrx_word' id='word_1_209' title='bbox 997 3311 1121 3386; x_wconf 81' lang='lat' dir='ltr'>Larum</span> 
     </span>
     <span class='ocr_line' id='line_1_32' title="bbox 55 3407 1117 3519; baseline -0.002 -40"><span class='ocrx_word' id='word_1_210' title='bbox 55 3407 285 3505; x_wconf 87' lang='lat' dir='ltr'>humanorum,</span> <span class='ocrx_word' id='word_1_211' title='bbox 313 3415 378 3488; x_wconf 89' lang='lat' dir='ltr'>iam</span> <span class='ocrx_word' id='word_1_212' title='bbox 403 3414 446 3486; x_wconf 89' lang='lat' dir='ltr'>ab</span> <span class='ocrx_word' id='word_1_213' title='bbox 475 3416 555 3508; x_wconf 85' lang='lat' dir='ltr'>aliis</span> <span class='ocrx_word' id='word_1_214' title='bbox 592 3419 853 3495; x_wconf 87' lang='lat' dir='ltr'>animadversum</span> <span class='ocrx_word' id='word_1_215' title='bbox 879 3431 963 3507; x_wconf 83' lang='lat' dir='ltr'>est,</span> <span class='ocrx_word' id='word_1_216' title='bbox 1003 3429 1117 3519; x_wconf 73' lang='lat' dir='ltr'>unnrrr</span> 
     </span>
     <span class='ocr_line' id='line_1_33' title="bbox 57 3511 1120 3612; baseline 0.001 -31"><span class='ocrx_word' id='word_1_217' title='bbox 57 3535 134 3583; x_wconf 85' lang='lat' dir='ltr'>vero</span> <span class='ocrx_word' id='word_1_218' title='bbox 161 3525 214 3584; x_wconf 90' lang='lat' dir='ltr'>cst</span> <span class='ocrx_word' id='word_1_219' title='bbox 239 3515 349 3612; x_wconf 84' lang='lat' dir='ltr'>ipsum</span> <span class='ocrx_word' id='word_1_220' title='bbox 374 3532 505 3607; x_wconf 59' lang='lat' dir='ltr'>nam</span> <span class='ocrx_word' id='word_1_221' title='bbox 531 3538 645 3592; x_wconf 75' lang='lat' dir='ltr'>unusne</span> <span class='ocrx_word' id='word_1_222' title='bbox 662 3521 866 3596; x_wconf 81' lang='lat' dir='ltr'>ludaeorum</span> <span class='ocrx_word' id='word_1_223' title='bbox 892 3533 927 3590; x_wconf 89' lang='lat' dir='ltr'>et</span> <span class='ocrx_word' id='word_1_224' title='bbox 951 3511 1120 3597; x_wconf 82' lang='lat' dir='ltr'>Palaestr-</span> 
     </span>
     <span class='ocr_line' id='line_1_34' title="bbox 51 3613 1119 3711; baseline 0 -30"><span class='ocrx_word' id='word_1_225' title='bbox 51 3633 191 3704; x_wconf 50' lang='lat' dir='ltr'>,norum,</span> <span class='ocrx_word' id='word_1_226' title='bbox 220 3639 289 3711; x_wconf 86' lang='lat' dir='ltr'>quc</span> <span class='ocrx_word' id='word_1_227' title='bbox 314 3617 461 3688; x_wconf 80' lang='lat' dir='ltr'>Martem</span> <span class='ocrx_word' id='word_1_228' title='bbox 487 3618 671 3692; x_wconf 86' lang='lat' dir='ltr'>Romanum</span> <span class='ocrx_word' id='word_1_229' title='bbox 690 3621 760 3694; x_wconf 84' lang='lat' dir='ltr'>sira</span> <span class='ocrx_word' id='word_1_230' title='bbox 773 3622 881 3692; x_wconf 86' lang='lat' dir='ltr'>Deum</span> <span class='ocrx_word' id='word_1_231' title='bbox 903 3617 974 3693; x_wconf 84' lang='lat' dir='ltr'>sire</span> <span class='ocrx_word' id='word_1_232' title='bbox 999 3613 1119 3686; x_wconf 84' lang='lat' dir='ltr'>Plane-</span> 
     </span>
     <span class='ocr_line' id='line_1_35' title="bbox 58 3713 1119 3820; baseline 0.014 -39"><span class='ocrx_word' id='word_1_233' title='bbox 58 3721 120 3781; x_wconf 85' lang='lat' dir='ltr'>tnm</span> <span class='ocrx_word' id='word_1_234' title='bbox 146 3714 366 3810; x_wconf 81' lang='lat' dir='ltr'>significant:</span> <span class='ocrx_word' id='word_1_235' title='bbox 394 3718 620 3820; x_wconf 87' lang='lat' dir='ltr'>scriptumque</span> <span class='ocrx_word' id='word_1_236' title='bbox 645 3721 689 3792; x_wconf 87' lang='lat' dir='ltr'>ab</span> <span class='ocrx_word' id='word_1_237' title='bbox 713 3719 857 3793; x_wconf 83' lang='lat' dir='ltr'>Etrusco</span> <span class='ocrx_word' id='word_1_238' title='bbox 876 3713 1119 3814; x_wconf 69' lang='lat' dir='ltr'>Hierugrapbo</span> 
     </span>
     <span class='ocr_line' id='line_1_36' title="bbox 61 3811 1115 3918; baseline 0.011 -43"><span class='ocrx_word' id='word_1_239' title='bbox 61 3826 183 3906; x_wconf 77' lang='lat' dir='ltr'>usarii,</span> <span class='ocrx_word' id='word_1_240' title='bbox 210 3818 289 3913; x_wconf 91' lang='lat' dir='ltr'>quia</span> <span class='ocrx_word' id='word_1_241' title='bbox 315 3817 429 3902; x_wconf 89' lang='lat' dir='ltr'>deerat</span> <span class='ocrx_word' id='word_1_242' title='bbox 454 3820 489 3891; x_wconf 91' lang='lat' dir='ltr'>in</span> <span class='ocrx_word' id='word_1_243' title='bbox 509 3845 570 3894; x_wconf 91' lang='lat' dir='ltr'>sno</span> <span class='ocrx_word' id='word_1_244' title='bbox 588 3819 783 3918; x_wconf 85' lang='lat' dir='ltr'>Alphabeto</span> <span class='ocrx_word' id='word_1_245' title='bbox 808 3821 872 3912; x_wconf 83' lang='lat' dir='ltr'>D,</span> <span class='ocrx_word' id='word_1_246' title='bbox 899 3811 941 3890; x_wconf 86' lang='lat' dir='ltr'>et¹</span> <span class='ocrx_word' id='word_1_247' title='bbox 957 3842 1025 3888; x_wconf 91' lang='lat' dir='ltr'>nun</span> <span class='ocrx_word' id='word_1_248' title='bbox 1049 3836 1115 3911; x_wconf 88' lang='lat' dir='ltr'>po-</span> 
     </span>
     <span class='ocr_line' id='line_1_37' title="bbox 59 3913 1116 4015; baseline 0.009 -36"><span class='ocrx_word' id='word_1_249' title='bbox 59 3913 143 4014; x_wconf 61' lang='lat' dir='ltr'>terat</span> <span class='ocrx_word' id='word_1_250' title='bbox 168 3931 258 3990; x_wconf 89' lang='lat' dir='ltr'>recte</span> <span class='ocrx_word' id='word_1_251' title='bbox 286 3917 437 3994; x_wconf 88' lang='lat' dir='ltr'>adhiberi</span> <span class='ocrx_word' id='word_1_252' title='bbox 464 3921 541 3992; x_wconf 86' lang='grc' dir='ltr'>ΤΗ.</span> <span class='ocrx_word' id='word_1_253' title='bbox 579 3919 717 4014; x_wconf 74' lang='lat' dir='ltr'>Gemelli</span> <span class='ocrx_word' id='word_1_254' title='bbox 745 3919 850 3996; x_wconf 84' lang='lat' dir='ltr'>medii</span> <span class='ocrx_word' id='word_1_255' title='bbox 876 3931 951 3994; x_wconf 86' lang='lat' dir='ltr'>sunt</span> <span class='ocrx_word' id='word_1_256' title='bbox 977 3915 1116 4015; x_wconf 72' lang='lat' dir='ltr'>Pennus</span> 
     </span>
     <span class='ocr_line' id='line_1_38' title="bbox 60 4003 1146 4124; baseline 0.015 -52"><span class='ocrx_word' id='word_1_257' title='bbox 60 4007 180 4106; x_wconf 77' lang='lat' dir='ltr'>intimi,</span> <span class='ocrx_word' id='word_1_258' title='bbox 207 4017 378 4116; x_wconf 80' lang='lat' dir='ltr'>Demiurgi</span> <span class='ocrx_word' id='word_1_259' title='bbox 402 4017 601 4120; x_wconf 75' lang='lat' dir='ltr'>Prutcguni‚</span> <span class='ocrx_word' id='word_1_260' title='bbox 628 4048 769 4124; x_wconf 89' lang='lat' dir='ltr'>quorum</span> <span class='ocrx_word' id='word_1_261' title='bbox 787 4023 844 4096; x_wconf 91' lang='lat' dir='ltr'>uni</span> <span class='ocrx_word' id='word_1_262' title='bbox 862 4027 991 4092; x_wconf 78' lang='lat' dir='ltr'>veteres</span> <span class='ocrx_word' id='word_1_263' title='bbox 1016 4003 1118 4080; x_wconf 55' lang='lat' dir='ltr'>Gabi·</span> <span class='ocrx_word' id='word_1_264' title='bbox 1144 4115 1146 4124; x_wconf 18' lang='lat' dir='ltr'>y</span> 
     </span>
    </p>
   </div>
   <div class='ocr_carea' id='block_1_5' title="bbox 0 0 1488 5022">
    <p class='ocr_par' dir='ltr' id='par_1_5' title="bbox 0 0 1488 5022">
     <span class='ocr_line' id='line_1_39' title="bbox 0 0 1488 5022; baseline 0 0"><span class='ocrx_word' id='word_1_265' title='bbox 0 0 1488 5022; x_wconf 95' lang='lat' dir='ltr'> </span> 
     </span>
    </p>
   </div>
  </div>
 </body>
</html>
