2966 5022
319 465 554 562 ¹llellenicam,
574 465 728 545 inerms
742 463 857 543 neseio
883 467 975 569 quod
1001 493 1117 542 aerum
1141 479 1241 568 atque
1266 466 1400 543 acrita-

334 579 402 644 tem
428 569 697 667 agnoscentibus.
727 568 773 642 Ar
798 595 937 670 prorsus
963 569 1064 644 lalso.
1096 575 1130 642 t.
1164 570 1275 643 Primo
1308 572 1394 670 quia

318 670 399 742 “iste
424 670 584 742 Hercules
609 683 671 756 est¹
684 669 785 766 plone
810 672 939 744 iuvenis
964 687 999 744 et
1023 670 1235 756 Candaules,
1263 685 1302 742 nt
1325 691 1395 744 nou

318 771 446 868 potuit
471 769 552 868 fingi
577 769 611 841 in
637 768 843 867 Apotheosi.
872 773 910 844 2.
939 771 1107 861 Secundo,
1127 773 1208 870 quia
1233 769 1391 843 Minerva

332 885 384 942 est
409 868 525 941 habitu.
541 875 616 942 'tum
641 873 835 968 pugnantis,
863 883 931 945 tum
958 873 1148 970 sperantis,
1167 891 1261 970 quae
1290 872 1393 969 peni-

329 977 386 1040 tus
411 971 552 1043 absurda
577 969 614 1040 in
639 969 847 1070 Apotheosi?
870 972 906 1044 3.
935 971 1054 1045 Tertio
1075 1027 1085 1063 ,
1105 969 1185 1069 quia
1204 997 1309 1068 aeque
1326 973 1391 1042 ab·

326 1069 463 1142 surdum
489 1071 568 1167 fingi
581 1067 744 1142 iunonem
768 1072 901 1164 nudam,
921 1087 955 1144 et
972 1073 1069 1145 reiici
1094 1073 1253 1169 longe‚et
1278 1073 1390 1143 lacere

329 1171 609 1268 scripturientem.
638 1172 674 1240 lt.
706 1167 749 1242 Et
774 1171 821 1242 ita
872 1195 949 1246 orru
975 1197 1037 1270 per
1062 1173 1192 1268 singula
1219 1171 1392 1244 Dramatis

328 1266 514 1344 Elementa.
544 1271 615 1343 Nec
639 1271 773 1368 potiora
798 1197 942 1366 pedulit
975 1273 1212 1370 Boettigherns
1250 1275 1286 1344 in
1322 1297 1388 1345 suo

328 1370 470 1446 Hercule
496 1371 627 1444 Prodici
652 1375 727 1442 edit.
761 1372 868 1447 t829:
894 1373 933 1445 in
958 1373 1047 1445 alata
1073 1393 1173 1444 ernis
1195 1371 1386 1465 Victoriam,

329 1471 365 1544 in
392 1499 467 1543 ears
494 1469 582 1546 nuda
608 1471 725 1544 Heben
751 1496 945 1569 agnoscens.
966 1473 1050 1544 Nam
1068 1473 1211 1550 absurde
1228 1499 1271 1543 eo
1290 1472 1389 1544 helri-

327 1587 365 1652 tn
393 1573 544 1644 Victoria
571 1569 751 1669 effingitur,
780 1573 924 1646 absurde
949 1573 1100 1652 adstante
1127 1571 1300 1663 Minerva,
1329 1575 1392 1644 ab·

327 1673 523 1744 surdissime
549 1671 700 1744 Minerva
726 1686 891 1770 sperante.
931 1673 1004 1744 Nec
1040 1671 1101 1744 illa
1139 1699 1217 1744 ears
1257 1675 1386 1772 poterit

326 1771 564 1846 lraberi’Hebe
588 1773 622 1844 in
648 1797 854 1872 quacumque
868 1773 1124 1870 Hierographia.
1146 1773 1300 1845 Lanziur·
1315 1789 1387 1844 tan-

324 1874 401 1947 dem
426 1878 489 1946 loc.
519 1883 574 1947 cit.
604 1876 733 1972 putta.
762 1877 870 1972 iprum
895 1874 1011 1944 habuit
1036 1871 1210 1946 Herculem
1229 1873 1381 1966 Prodici,

315 1973 372 2046 dc
396 2001 463 2073 quo
489 1973 682 2072 Xenophon
708 1983 743 2047 io
760 1975 942 2047 Memoro'b.
958 1975 1005 2044 ll.
1021 1999 1059 2072 p.
1081 1975 1166 2046 tut.
1188 1974 1256 2046 Dio
1276 1974 1387 2072 Chry·

325 2081 413 2148 sost.
442 2081 482 2148 dc
508 2076 620 2172 chno
647 2101 683 2172 p.
708 2077 767 2147 tt.
796 2075 921 2174 aliique
946 2075 1081 2171 loquuti
1104 2087 1192 2168 sunt,
1220 2087 1253 2144 et
1278 2090 1386 2172 puta-

323 2179 375 2249 vit
391 2177 536 2248 Meliore
562 2175 648 2246 alata
667 2203 768 2250 eruis
786 2178 926 2274 exprimi
945 2175 1164 2272 Voluptatem
1185 2229 1195 2266 ,
1232 2175 1384 2245 Mulicre

322 2276 410 2347 nuda
437 2303 511 2345 nnis
538 2275 803 2349 Contentionem.
825 2275 893 2348 Sed
919 2301 1025 2374 aeque
1050 2275 1204 2348 absurde.
1232 2274 1318 2344 Nam
1345 2275 1387 2346 in

295 2401 402 2472 φα,
429 2376 583 2466 obsecro,
610 2377 856 2475 Hierographia
885 2373 1090 2474 Voluptatem
1115 2378 1193 2474 quis
1218 2374 1390 2472 exprimet

324 2477 507 2548 castissime
533 2479 685 2550 vestitam
703 2477 1000 2550 etmodestissimo
1027 2478 1123 2548 vultu
1154 2477 1386 2574 alloquentem

324 2592 359 2648 et
383 2579 532 2651 alatam?
558 2576 649 2670 Quae
673 2577 919 2652 hlcConteutio
946 2591 979 2649 et
1006 2577 1188 2668 Discordia
1205 2578 1293 2648 nuda
1321 2601 1383 2648 co·

321 2693 438 2751 runata
465 2693 617 2776 torquata
643 2679 860 2776 scripturiens
886 2703 997 2750 coram
1023 2679 1175 2750 Minerva
1205 2677 1379 2750 victrice?

320 2777 420 2850 Arsi
447 2781 686 2850 meminerimus
712 2779 842 2874 Dogma
867 2777 969 2851 luisse
995 2781 1101 2850 omnis
1144 2779 1266 2851 veteris
1293 2775 1376 2847 Phi-

278 2915 300 2936 ·1
321 2877 501 2976 losoplriae
525 2893 628 2975 atque
654 2879 738 2955 adeo
765 2879 951 2952 Cabirieum
973 2879 1102 2950 :nulla
1128 2881 1239 2970 mala,
1266 2877 1384 2978 nullae
1470 2947 1471 2952 ,

319 2980 574 3070 aerumnae,nbi
601 2981 694 3053 nulla
720 2978 900 3052 Generatio
919 2979 1012 3052 nulla
1029 2979 1219 3070 Nativitas,=
1238 2991 1271 3049 et
1298 3001 1385 3048 con-

318 3090 370 3150 tra
396 3081 503 3152 omnia
529 3081 614 3153 mala
640 3097 673 3154 ct
700 3107 812 3152 omnes
838 3105 1010 3152 aerumnae
1048 3081 1105 3152 ubi
1139 3081 1218 3152 data
1245 3078 1383 3150 Nativi-

201 3175 203 3180 ’
316 3193 371 3250 tas
397 3196 462 3252 ost:
490 3179 528 3251 Si·
553 3183 793 3255 meminerimus
818 3182 980 3253 Etruscos
1005 3181 1125 3253 fecisse
1150 3179 1276 3252 Larem
1303 3179 1380 3250 sire

320 3279 458 3353 Pernam
483 3283 632 3354 Scribam
658 3283 756 3355 etiam
785 3284 938 3360 Venerem
964 3283 1140 3380 genitalem
1166 3283 1246 3354 dato
1271 3278 1382 3352 uomi-

318 3405 362 3454 tte
387 3384 497 3454 Lorne
523 3381 777 3482 Rocuoetoep.
808 3388 868 3456 5t.
898 3385 959 3456 96.
989 3383 1027 3454 Si
1064 3384 1261 3456 adnotamus
1299 3405 1380 3450 unrs

147 3477 150 3484 ’
265 3557 266 3562 1
312 3481 367 3552 vel
395 3509 472 3555 aurs
487 3501 583 3568 *Dare
609 3513 672 3558 aas
697 3505 773 3582 my
801 3511 862 3556 ons
888 3510 962 3556 esse
979 3484 1154 3580 Sponsam,
1182 3483 1383 3554 Tlrolomrrm

311 3585 426 3653 'statim
451 3584 696 3682 perspiciemus
721 3601 847 3686 quanta
873 3585 1046 3681 sapientia¹
1062 3584 1315 3678 Hierographus
1332 3579 1395 3672 il-¹

186 3706 189 3719 ¹
314 3682 381 3755 lam
407 3686 527 3758 nudam
553 3685 725 3760 mulierem
751 3699 785 3756 et
810 3683 953 3757 scribam
986 3682 1213 3776 adposuerit,·
1256 3693 1383 3776 nempe

314 3785 472 3858 Venerem
500 3785 698 3867 Gonitclem.
728 3786 814 3856 'I'um
838 3783 924 3871 alae,
952 3782 1093 3851 vestium
1120 3777 1298 3870 modestia,
1314 3805 1382 3850 cu-

314 3884 417 3972 bitus,
442 3886 556 3960 vultus
574 3885 696 3982 gravis,
716 3880 881 3982 profunda
906 3879 1069 3976 cogitatio
1084 3883 1283 3954 Adrastr‘om
1309 3905 1380 3950 ma-

258 4046 259 4050 *
312 4014 413 4081 gnam
438 3981 596 4086 produnt,
623 4009 709 4082 quae
734 4009 914 4056 aerumnas
939 3981 1079 4054 Herculi
1097 3981 1298 4054 constitutas
1334 3981 1385 4052 ob

153 4129 155 4134 ·
182 4159 184 4164 ,
308 4087 572 4164 Generatinnem
595 4085 766 4158 humanam
791 4087 979 4182 susceptam
1004 4086 1145 4182 exponit
1162 4099 1196 4156 et
1214 4083 1378 4155 numerat.

316 4185 465 4265 Securus
491 4188 627 4294 quidem
653 4201 720 4266 stat
747 4185 919 4286 Hercules,
946 4197 1015 4268 tum
1033 4184 1209 4274 divinitate
1227 4209 1285 4259 sua
1303 4195 1386 4255 cou-
