2924 5024
359 357 435 434 cot

654 441 1013 526 sectio-111.

311 629 462 698 ttunrul
487 627 646 682 annuant
671 627 831 680 vasonuu
856 629 1061 700 proruamur,
1095 627 1139 680 trr
1169 627 1259 693 ottae
1289 625 1372 684 ntdt
1446 582 1458 635 l

357 733 496 786 rossrur
521 727 664 780 unciaru
691 727 735 778 er·
763 727 1098 799 ennutcreursntcut,
1119 727 1190 782 riou
1215 730 1373 784 ouranos

356 831 424 886 unu
450 829 609 900 uranos,
638 829 702 880 set)
731 829 919 880 cunrntctru
944 833 1059 882 nocua
1085 827 1375 883 rsrcnotoorcux

308 917 313 924 “
358 931 403 984 'nr
427 936 706 984 nantuenunsrau
726 931 981 1008 'aurnuueurnu
1020 935 1215 982 nxrurunnn
1254 927 1374 996 arcun

355 1038 526 1085 nxnraenn
554 1037 743 1082 ununuuuu
768 1036 845 1082 nsr.
1158 1029 1160 1036 '

356 1167 388 1240 Ι.
420 1165 517 1266 Quae
543 1170 685 1242 ditanda
715 1171 757 1240 sit
789 1167 974 1240 duiuauwda‘
1007 1157 1238 1264 Paliaqeuesiu
1268 1165 1375 1243 intem

306 1271 428 1344 mdia.
1110 1274 1113 1279 ’

355 1372 488 1470 Dogma
513 1367 769 1444 resurrectionis
795 1368 952 1442 humanae
969 1360 1004 1442 in
1021 1358 1121 1441 huius
1147 1368 1268 1444 Mundi
1284 1368 1365 1464 fine,

308 1485 344 1544 et
369 1472 539 1544 restitutio
565 1471 756 1544 eorumdem
781 1469 958 1546 Hominum
975 1471 1019 1542 'ia
1039 1486 1130 1542 'nouo
1156 1471 1287 1542 Mundo
1313 1470 1370 1542 stis

308 1580 417 1662 turo,
444 1571 538 1668 quod
563 1575 655 1644 Deus
681 1569 764 1670 opt.
794 1571 885 1642 Mar.
927 1571 1050 1642 eunctis
1088 1571 1292 1644 Patriarchis
1332 1587 1369 1644 et

302 1673 493 1746 Noaehidis
519 1671 663 1744 tradidit
688 1697 754 1744 non
781 1669 896 1768 potuit
933 1671 1121 1742 diutissime
1161 1685 1195 1741 et
1233 1693 1367 1768 semper

301 1799 421 1873 purum
446 1774 488 1846 ab
514 1774 667 1846 omnibus
695 1772 851 1860 servari,
899 1771 960 1844 sed
986 1797 1050 1868 pro
1076 1771 1210 1844 humaui
1235 1765 1364 1846 ineenii

298 1875 437 1948 licentia
450 1874 648 1956 ‘uariissimo
674 1871 776 1972 modu
804 1872 981 1970 depravari
999 1885 1033 1944 et
1050 1872 1231 1968 corrumpi.
1262 1827 1362 1945 illude

302 1975 347 2048 de
372 1974 656 2073 Psychoplanesia
682 1985 717 2044 ct
742 1973 1029 2068 Metenapsyehosi
1044 1973 1213 2044 innumera
1233 1975 1362 2068 somnia
1412 1977 1424 2006 ²

300 2076 437 2150 condita
462 2077 505 2148 ab
530 2074 725 2174 Aegyptiis,
762 2073 871 2172 Indis,
891 2065 998 2168 Syris,
1016 2073 1230 2161 Palaestinis,
1251 2070 1360 2166 Graea

303 2177 372 2267 cis,·
395 2192 430 2249 et
453 2202 538 2272 quae
562 2177 607 2248 ab
632 2174 781 2264 lrlrorio,
807 2173 988 2260 Windeto‚
1015 2173 1168 2246 Brulrero
1189 2227 1200 2262 ,
1222 2173 1366 2246 Mache-

303 2277 385 2365 mio,
413 2275 555 2374 aliisque
580 2275 737 2374 pluribus
762 2274 910 2348 indicata
935 2273 1051 2344 referri
1079 2275 1135 2348 lale
1160 2273 1362 2370 singillatim
1406 2341 1410 2352 ,

303 2375 395 2450 haud
411 2389 573 2472 praestat.
595 2375 704 2449 Unius
730 2402 809 2450 vero
835 2373 1008 2472 opinionis
1033 2388 1067 2446 et
1083 2372 1274 2448 ¹sententiaa
1291 2373 1361 2446 Pa·-

301 2480 544 2574 liaqeuesiueae
574 2476 773 2550 mentionem
814 2475 925 2550 facere
956 2470 1102 2550 'neeesse
1143 2471 1226 2566 eata
1272 2472 1362 2546 Nam

307 2592 577 2678 computamus
619 2576 781 2650 latissime
822 2577 1007 2652 obtinuisse
1049 2575 1140 2675 apud
1182 2575 1363 2670 Hieroqra*

299 2684 389 2780 pluas
436 2680 616 2754 (tatianus
640 2705 659 2750 a
684 2693 779 2750 sexto
806 2677 924 2752 saltem
949 2678 1083 2750 saeculo
1109 2675 1362 2748 Prochristiano

303 2781 349 2851 ud
365 2781 507 2852 tertium
532 2781 587 2854 rel
615 2775 819 2852 secundumr
849 2779 988 2852 Scilicet
1012 2778 1253 2850 Defunctorum
1277 2775 1363 2851 Ani-

302 2895 373 2950 tna's
399 2904 465 2950 non
491 2904 604 2950 omnes
630 2894 761 2954 manere
788 2877 914 2952 adfixas
941 2880 976 2950 in
1002 2878 1122 2976 Elysio
1148 2891 1182 2948 et
1199 2868 1359 2966 Tartaro,

304 2975 359 3047 uel
387 2980 488 3050 etiam
529 2979 672 3051 uolitare
698 2993 736 3050 ut
761 2981 867 3053 Lares
898 2995 1010 3075 usque
1035 2980 1080 3052 ad
1105 2976 1364 3052 consummatio-

302 3101 377 3147 nem
403 3093 438 3150 et
462 3079 560 3152 tinem
586 3079 739 3172 Mundi,
785 3077 845 3150 sed
870 3079 985 3176 plures
1008 3105 1052 3152 ex
1093 3080 1144 3152 ais
1186 3079 1261 3175 ipsa
1298 3077 1363 3148 hae

299 3177 454 3271 Tellure,
491 3195 526 3252 et
542 3182 620 3278 ipso
655 3181 720 3252 hoe
755 3178 887 3252 Mundo
904 3194 1053 3254 manente
1078 3194 1113 3252 et
1125 3179 1267 3252 durante
1295 3177 1365 3249 ite*

300 3303 374 3352 rum
399 3279 492 3353 nasei
516 3294 597 3378 post
622 3281 753 3380 aliquot
777 3293 921 3354 aetatum
948 3281 1091 3380 spatium
1119 3279 1261 3353 hnmano
1287 3303 1362 3376 rno-¹

300 3403 338 3450 re
359 3406 369 3452 :
392 3395 432 3452 et
455 3381 603 3476 Psychae
628 3397 834 3454 mortuorum
859 3381 1038 3455 Hominum
1063 3381 1097 3452 in
1122 3393 1252 3450 uterum
1293 3377 1360 3449 ite-

298 3504 371 3550 rum
397 3482 546 3583 regredi,
574 3495 609 3552 et
633 3482 754 3556 iterum
780 3481 874 3580 gigni
900 3496 935 3552 et
960 3481 1073 3556 virere
1097 3495 1135 3552 ot
1164 3479 1323 3550 Homines
1345 3503 1356 3568 3

297 3579 393 3678 qnod
418 3581 564 3656 tenuisse
589 3579 779 3681 Aegyptios
804 3582 1046 3678 perPlzaenicis
1060 3581 1225 3676 symbola,
1242 3578 1359 3650 Platea

295 3705 371 3755 netu
387 3707 436 3755 ex
452 3681 724 3780 triptota
735 3685 801 3754 674
812 3683 912 3752 .6»72.
934 3681 1116 3779 Virgilium
1133 3707 1174 3756 ex
1190 3681 1359 3774 Aeacidae

299 3779 362 3854 Vl.
391 3810 426 3856 v.
449 3785 535 3854 tta.
557 3783 643 3856 749.
660 3783 814 3880 aliosque
826 3781 942 3878 plures
960 3798 1012 3854 est
1029 3781 1249 3879 exploratum:
1269 3777 1361 3870 Quin

300 3880 473 3956 doctiores
498 3881 688 3954 Cabalistae
714 3883 940 3964 Hebraeorum
983 3897 1168 3953 statuerunt
1205 3871 1362 3977 singulos
1391 3941 1395 3944 .

248 4069 249 4073 Ἰ
294 3977 366 4055 lero
395 3983 564 4076 Homines
581 3983 625 4054 ad
650 3997 718 4055 tres
743 3981 834 4055 vices
859 3981 1043 4056 distinctas
1062 4007 1168 4078 usque
1192 3981 1238 4052 ud
1260 3980 1363 4050 Mun-

296 4074 334 4152 di
360 4083 459 4157 linem
483 4089 637 4159 renasci:
665 4097 703 4152 ut
727 4091 861 4181 praeter
885 4083 973 4154 alios
998 4081 1172 4156 adnotavit
1196 4081 1231 4152 in
1257 4103 1360 4177 prae-

293 4177 387 4254 clare
414 4185 536 4259 libello
562 4183 741 4259 Wiudetue
766 4183 810 4257 de
838 4183 915 4263 Vita
939 4189 1045 4272 fauet·
1072 4197 1156 4258 atat:
1180 4181 1356 4282 p.8t.82.
