2924 5024
291 430 367 492 aas,
382 416 484 494 metu,
503 415 629 496 panaro,
657 402 691 470 in
716 424 786 497 quo
810 397 887 496 quis
912 410 1006 469 totns
1030 411 1065 467 et
1091 419 1227 471 securus
1252 403 1368 498 quie-

293 501 439 584 scit.,9.
478 501 675 574 Columellam
713 501 862 590 tieraebres
896 497 1105 594 quandoque
1143 500 1279 582 additae
1301 501 1378 574 'ub

297 599 487 698 symbolum
510 599 682 698 proprium
708 614 742 672 et
768 598 1072 670 characteristicum
1116 600 1375 674 Defunctorom

295 717 331 772 et
356 704 494 774 Larem.
527 703 584 770 tc.
615 700 737 771 Forma
763 713 872 772 autem
897 711 932 768 ct
958 696 1065 794 figura
1085 698 1242 774 Personis
1258 719 1378 801 atque

296 803 449 874 obiectis·
465 799 571 888 rudis,
592 801 748 890 obscura,
769 799 892 888 tennis,
921 812 955 872 et
979 801 1078 896 qnasi
1103 801 1230 874 incerto
1255 817 1392 902 atque.

294 905 499 990 adumbrate,
528 914 565 972 ut
591 899 683 979 clarc
710 899 917 972 eteridenti
959 916 1154 997 argumento
1189 905 1363 978 Sileatnm

295 1018 415 1094 status,
435 1017 468 1072 et
485 1000 641 1076 Silcotum
672 997 823 1090 Umbrae,
844 1014 877 1070 et
895 998 1017 1072 Manes
1043 1001 1242 1076 umbratiles
1266 1003 1371 1078 indi-

294 1117 445 1178 carentur
469 1115 504 1173 et
529 1100 807 1198 significarentur.
837 1098 1057 1190 Quamobrem
1083 1102 1201 1198 opinio
1239 1129 1369 1178 eorum

295 1205 416 1304 quiin
441 1203 494 1274 bis
519 1201 697 1278 Jaccoibas
717 1203 870 1300 palliatis
895 1200 1008 1271 nescio
1047 1225 1138 1298 qnos
1160 1202 1367 1299 Agnnotbe-

282 1321 346 1378 *tas
371 1319 406 1377 et
431 1299 707 1399 Gymnasiarcbcs
733 1300 881 1374 Graecos
907 1299 1023 1372 vident
1047 1326 1115 1374 uon
1140 1305 1251 1376 modo·
1283 1304 1367 1376 sun-

296 1407 389 1478 ditus
413 1404 512 1494 salsa,
541 1401 601 1474 sed
626 1402 805 1474 intrinsece
830 1400 974 1472 absurda
999 1401 1142 1474 dicenda
1159 1419 1224 1494 cst,
1245 1405 1370 1501 singu-

292 1507 340 1579 lis
365 1529 405 1576 er
432 1506 485 1576 his
511 1502 626 1574 decem
652 1502 797 1573 criteriis
821 1501 969 1572 adversis
995 1517 1029 1573 et
1054 1504 1239 1598 oppositis.
1269 1505 1366 1598 Quin

295 1606 409 1678 civilia
435 1603 637 1676 Graecorum
655 1601 772 1686 ,Pallia
797 1625 973 1698 numquam
998 1603 1045 1672 ita
1071 1603 1182 1699 ampla
1207 1604 1362 1696 fuerunt,

295 1719 334 1778 ut
360 1719 435 1776 sunt
460 1706 493 1776 in
515 1704 624 1793 Varis,
639 1726 818 1800 numquam
843 1699 964 1774 Graeci
990 1702 1126 1776 Palliati
1152 1703 1197 1776 ita
1218 1704 1366 1804 proson-

223 1811 226 1818 '
297 1806 341 1878 de
368 1805 513 1888 involuti
540 1819 653 1876 mutuo
679 1817 929 1894 conversarent,
955 1815 990 1872 et
1015 1828 1190 1900 numquam
1216 1804 1367 1878 dextero

297 1905 436 1976 brachio
463 1902 728 1980 constantissime
754 1900 1063 1976 nannetensem
1093 1931 1102 1974 ε
1148 1904 1207 2000 qui
1245 1919 1369 1978 contre

295 2005 360 2077 fuit
385 2005 519 2077 habitas
545 2005 696 2096 tanam,
724 2016 764 2076 ut
787 2026 851 2074 nos
874 2003 939 2074 iem
964 2000 1253 2077 animadvertimus
1271 2030 1383 2104 pag„

303 2108 388 2176 tat.
422 2107 506 2178 t58.
888 2181 890 2185 .

349 2205 413 2288 IV.
444 2204 574 2300 Quarto
592 2213 672 2304 qnia
686 2203 870 2278 Aediculae
888 2209 1037 2302 expictae
1055 2209 1087 2290 io
1101 2205 1247 2302 plurimis
1271 2211 1375 2278 vasis

303 2307 489 2379 ltairtsmodi
514 2307 688 2376 habendae
715 2319 790 2386 suat
815 2322 1009 2400 arqunrcata
1026 2315 1058 2375 ct'
1073 2307 1219 2406 syarbolo
1236 2307 1367 2397 Lara'fi-

299 2411 466 2496 eatr'ocic‚
501 2409 576 2476 'cive
598 2422 601 2430 '
613 2410 785 2504 perfectae
822 2412 888 2477 siae
914 2412 1122 2506 imperfectae
1154 2411 1254 2506 basius
1286 2409 1372 2478 D-c-'

299 2512 415 2600 soracti.
1032 2541 1034 2548 ¹

282 2683 288 2694 ,
354 2611 388 2680 t.
416 2605 542 2697 Primo,
568 2607 647 2703 quia
671 2629 692 2678 e
717 2603 864 2698 Pelasqis
888 2605 1066 2704 praecipue
1097 2609 1261 2698 cubitantis
1294 2609 1373 2680 La·
1460 2697 1461 2702 ἵ

300 2735 351 2778 ras
377 2722 411 2778 ct
422 2732 424 2742 ¹
436 2707 494 2778 Dii
520 2709 642 2780 Mam
658 2730 719 2802 per
735 2705 975 2782 Aedieularom
992 2707 1143 2804 symbola
1161 2706 1257 2792 culti.
1274 2706 1362 2780 Nam
1460 2717 1461 2793 t

302 2807 623 2906 sollerstFuodatcr
648 2807 787 2878 Pantlrca'
814 2805 958 2876 Cabirici
991 2834 1056 2880 uno
1095 2809 1174 2879 ioco
1201 2820 1236 2878 et
1261 2823 1366 2905 septo
1405 2887 1408 2894 ⁴

300 2905 423 2986 clausit
448 2904 563 2978 eedem
576 2905 654 2990 Dei,
669 2921 703 2976 et
715 2907 847 2978 domum
862 2903 1018 2998 familiae,
1039 2907 1231 3006 Templum,
1249 2924 1284 2978 et
1301 2910 1361 2994 Sc-

299 3005 465 3100 potorium:
493 3029 623 3103 unaque
644 3007 740 3078 ¹Deos
765 3019 800 3075 et
825 3005 986 3076 Homines
1002 3008 1150 3080 habitare
1168 3009 1356 3105 praecepit.
1459 3047 1460 3052 κ

300 3104 358 3178 Dii
382 3103 427 3175 ud
452 3104 579 3176 Focum
605 3120 639 3178 et
663 3105 698 3178 in
723 3107 1004 3178 FocozetManes
1023 3108 1117 3199 buci,
1138 3110 1195 3206 qni
1213 3109 1357 3180 Domum

300 3229 391 3276 suom
416 3203 602 3290 invisebant
627 3203 670 3278 od
696 3207 822 3282 Focum
838 3220 912 3294 ,Act
936 3207 972 3280 in
997 3209 1088 3282 Foco
1114 3210 1231 3282 adesse
1257 3209 1360 3286 debe-

210 3385 213 3392 ,
301 3303 395 3376 bont.
424 3305 511 3387 Hinc
537 3305 669 3380 Latinis
695 3307 847 3381 omnibus
874 3306 1000 3384 Domus
1025 3325 1059 3394 et
1093 3311 1198 3390 Lares
1219 3334 1359 3399 .unum;

301 3423 335 3478 et
360 3405 439 3493 hinc
463 3405 599 3498 factum,-
625 3423 663 3480 ut
687 3409 722 3480 in
748 3406 904 3505 Speculis
927 3406 1120 3482 funebribus
1146 3409 1361 3480 Etruscorum

300 3505 566 3604 pertinacissime
592 3512 731 3600 Aedes,
758 3533 884 3606 eaeque
907 3509 1143 3599 columnatae,
1172 3509 1381 3606 symbolum.

302 3605 441 3682 tuream
468 3608 641 3704 proprium
667 3623 701 3680 et
718 3610 936 3684 necessarium
956 3611 1215 3706 conspiciantur.
1238 3610 1361 3703 Quam-

303 3705 415 3776 obrem
441 3707 626 3780 Acdicclae
652 3712 803 3808 expictae
830 3711 863 3780 in
893 3711 987 3783 Vasio
1013 3709 1181 3808 habendae
1212 3725 1290 3782 sunt
1323 3714 1384 3780 ut'

303 3807 454 3903 symbola
480 3809 679 3904 propriant
706 3825 791 3882 stata
817 3809 955 3882 Larium
981 3824 1015 3882 et
1038 3810 1207 3882 Maniam.
1371 3883 1378 3900 ⁸

353 3912 389 3978 2.
408 3908 570 4000 Secundo,
591 3917 669 4012 qaia
682 3916 716 3982 in
733 3909 952 3982 Moraamc'ratis
968 3914 1149 4002 meretrices
1161 3911 1363 3984 Graecorum

310 4011 952 4110 saepissimecoaspr'aiuaturA'ediculae
984 4015 1046 4087 iltis
1074 4013 1178 4112 placa
1213 4013 1361 4104 similae„

308 4137 393 4206 quac
419 4117 454 4184 in
482 4112 577 4190 Vanis
601 4118 864 4214 expictae-‚suan
970 4143 985 4179 a
