2924 5024
72 435 230 508 Arbiter.
258 435 295 506 2.
329 430 457 506 Themis
481 427 653 528 Pelasgioa
677 442 780 502 mater
805 425 969 520 Horarum
1006 452 1042 510 et
1066 440 1134 512 Le-

72 561 174 632 gum.
205 533 242 602 3.
274 535 376 606 Coros
401 529 555 606 Cabirica
581 531 845 626 Thesmophora.
873 529 910 606 h.
942 537 1004 608 Isis
1028 538 1132 636 Legi.

71 637 163 708 l'era.
197 637 232 706 5.
260 635 455 732 Atherpotis
480 631 582 730 Syra:
627 633 663 702 6.
704 630 838 702 Astarte
867 629 1060 711 Phoenicio.
1091 641 1128 710 7.
1158 639 1172 674 “

77 737 119 810 V
119 763 206 809 erens
230 733 369 830 Cypria.
399 735 436 804 8.
463 729 597 804 Baoani
620 725 738 802 Indica
763 741 829 800 eto.
858 742 925 804 eto.
1071 781 1074 786 -

130 841 169 908 5.
199 834 292 932 Typi
317 833 424 905 divini
449 830 631 924 Seminifiaa'
668 842 702 900 et
738 827 945 927 Idcpeyaei,
973 848 1007 912 et
1031 835 1134 910 iidem

74 936 265 1029 Derra'arrpi,
285 947 319 1004 et
334 931 446 1029 lleges
472 929 682 1000 Mortuoruna
707 951 773 1000 non
797 945 940 1026 possunt
963 959 1042 1006 esse
1066 937 1135 1010 nisi

72 1034 172 1130 Typi
190 1033 419 1130 planesummi
450 1029 732 1130 otMctaplrysici:
762 1042 799 1098 ut
821 1031 979 1104 Bacchus
1004 1035 1134 1106 Cabiri-

50 1157 135 1204 .ous
162 1133 302 1232 triplex,
331 1131 472 1227 Triplex
502 1126 639 1216 Osiris,
673 1125 797 1225 triplex
834 1133 980 1225 Mithra,
1008 1133 1132 1232 triplex

72 1233 249 1323 Hercules,
277 1233 420 1320 Adonis,
447 1229 526 1302 Siva
552 1242 618 1298 ctc.
645 1282 647 1288 .

129 1333 235 1403 Secu.
263 1331 327 1404 IV.
359 1329 509 1401 Pantheo
546 1327 725 1424 Popularia
763 1343 794 1398 ct
819 1325 957 1402 Politice
995 1337 1135 1409 omnium

79 1431 239 1504 Gentium
263 1447 461 1505 vetustorum
489 1426 722 1500 Gocoarclrica
759 1431 812 1499 acl
853 1429 1136 1507 Tartaroarclriaa

78 1534 241 1602 laudanda
265 1547 352 1602 sant.
388 1583 390 1588 -

132 1634 170 1702 l.
200 1630 324 1717 Primo,
351 1628 428 1729 quia
453 1629 489 1700 hi
515 1625 637 1722 Populi
663 1649 777 1697 omnes
799 1625 1053 1725 Chaoponistao,
1073 1631 1133 1730 qui

76 1725 214 1800 scilicet
239 1728 347 1801 omnia
373 1729 557 1801 educebant
583 1745 608 1795 a*
631 1725 738 1813 Chao,
768 1742 802 1796 et
823 1721 969 1821 'primum
995 1733 1135 1803 Terram

76 1829 195 1919 hauc,
211 1841 244 1899 et
269 1828 345 1900 hino
372 1830 479 1900 serias
504 1825 674 1916 (ioelum,
702 1837 736 1892 ot
763 1825 919 1920 Stellas,
946 1843 980 1918 et
1004 1830 1130 1902 Solem.

83 1928 129 1999 Et
139 1929 298 2026 quoniam
312 1927 408 2008 etlam
422 1929 582 2025 putabant
598 1925 736 2002 informo
752 1937 785 1997 et
798 1925 1030 2022 primigeniam
1044 1927 1132 2000 Cha-

81 2054 122 2098 os
139 2019 316 2124 numquam
342 2042 447 2100 totum
471 2029 574 2101 fuisse
600 2024 808 2102 informatum
833 2041 869 2096 et
893 2023 1077 2098 conditam:
1096 2040 1132 2098 et

79 2123 180 2198 Entia
206 2127 317 2223 genita
342 2149 382 2197 ex
406 2143 501 2226 parte
528 2141 563 2200 et
587 2127 722 2200 condita
760 2125 896 2220 perenni
934 2125 1134 2198 cursatea

78 2227 201 2298 iterum
226 2226 397 2324 incondita
438 2243 472 2301 et
511 2228 691 2311 Chaotica,
719 2219 796 2294 hino
821 2224 855 2296 iu
881 2249 996 2298 eorum
1021 2225 1131 2316 animo

83 2325 347 2400 Tartaroarela'a
389 2327 550 2424 quaedam
575 2323 750 2398 circularis
780 2337 813 2393 et
838 2325 966 2422 cyclica
1005 2325 1130 2399 consti-

79 2426 246 2497 tuebatur.
1066 2451 1068 2458 ’

126 2529 166 2598 2.
194 2525 366 2597 Praeterea
384 2525 486 2600 iidem
504 2524 674 2622 Theologi
697 2525 937 2618 Chaoqoaistao
955 2524 1130 2623 putabant,

79 2623 175 2720 quod
200 2625 339 2722 Spiritus
364 2625 426 2698 ille
451 2633 579 2700 divinus
600 2629 837 2698 ctaocraricas
854 2639 887 2696 et
907 2624 1134 2718 Genosr'arpas

80 2723 189 2796 laetos
216 2741 304 2820 esset
329 2728 424 2822 quasi
450 2731 556 2826 Lapis
580 2723 833 2797 fundamentalis
868 2723 1017 2814 lllandi,
1050 2741 1133 2796 'ean-

80 2837 181 2913 trum,
208 2849 267 2894 oor
293 2839 326 2896 et
352 2826 491 2921 spiritus
509 2825 643 2898 intimus
661 2822 813 2894 Telluris
830 2840 975 2915 nostrae,
996 2836 1029 2897 et
1046 2823 1133 2902 adeo

84 2923 190 2992 totins
215 2923 347 2996 Mundi.
377 2925 427 2996 lta
453 2939 491 2996 ut
516 2926 685 2997 maximam
710 2923 775 2993 rim
794 2923 1003 2996 irradiantem
1021 2937 1054 2996 ot
1070 2949 1134 3022 po-

83 3033 208 3092 tentem
232 3047 299 3096 non
325 3025 359 3096 in
384 3025 526 3097 nabibus
551 3023 605 3098 vel
631 3024 729 3095 etiam
755 3022 874 3094 Srettis
897 3037 933 3094 et
958 3021 1052 3112 Sole,
1071 3023 1132 3096 sed

84 3121 119 3190 in
147 3136 260 3194 centro
286 3124 423 3215 Terrae,
443 3126 476 3198 in
495 3122 568 3199 Ara·
588 3123 721 3216 Vestae,
742 3137 775 3193 et
792 3121 904 3195 Statae
922 3121 1045 3196 Matris
1065 3147 1131 3220 po·

83 3232 201 3291 nerent
225 3237 260 3296 et
284 3223 501 3298 collocarent.
674 3233 677 3236 ’

131 3309 169 3389 3.
199 3318 286 3412 Quin
312 3347 406 3406 nemo
433 3349 505 3398 esse
530 3334 645 3421 potest
673 3319 732 3418 qni
747 3320 883 3420 ‘nesciat
901 3323 993 3396 Deos
1009 3337 1133 3395 vereat

80 3419 220 3514 proprie
243 3434 397 3517 potentes
421 3425 514 3522 apud
539 3447 653 3494 omnes
669 3434 797 3494 veteres
809 3418 935 3496 Gentes
951 3447 1026 3496 esse
1044 3423 1129 3494 Tar-

80 3517 203 3590 tarioos
232 3573 242 3612 ,
270 3519 440 3618 Elysios,
470 3537 504 3595 ot
528 3521 744 3595 Chthoaios:
774 3519 958 3614 Bacchus,
993 3521 1128 3616 Osiris,

81 3617 225 3708 Adonis,
258 3619 387 3694 Odinus
411 3621 603 3714 Chthonii,
629 3619 707 3712 Isis,
734 3621 848 3714 Ceres,
875 3621 987 3697 Venus
1004 3621 1131 3693 Libiti-

81 3739 122 3784 na
148 3716 323 3792 Chthonii.
353 3721 434 3794 Vid.
463 3724 520 3796 hle
545 3723 714 3820 panta.
730 3722 775 3792 Et
799 3747 895 3796 nemo
921 3723 1053 3819 ignorat
1068 3722 1129 3792 Ju-

79 3838 200 3889 uouem
226 3819 436 3918 Olympicam
461 3822 634 3894 Tellurem
659 3835 692 3896 et
718 3823 826 3895 Deos¹
843 3821 1034 3894 Tartarioos
1071 3845 1127 3891 ro-

78 3937 153 4006 gare
196 3934 229 3990 et
267 3923 397 4018 precari
435 3924 469 3993 in
501 3917 632 4020 Hymno
675 3922 856 3994 Homerico
895 3921 1062 4018 Apollinis
1086 3945 1123 3990 v.

77 4013 158 4086 335.
189 4019 275 4090 336.
304 4019 354 4102 ΕιΙ
373 4047 486 4095 omnes
511 4021 620 4093 sciant
644 4021 842 4092 versiculum
868 4020 991 4092 Poetae
1017 4018 1125 4088 maxi-

78 4113 119 4183 uri
152 4117 232 4194 Vll.
260 4118 402 4196 Aeneid.
429 4122 556 4194 ‘aaut
585 4145 610 4187 r<
636 4121 785 4198 Flectere
803 4127 831 4194 si
848 4116 1130 4220 noqucoSaperos
