2966 5022
1017 425 1088 498 425

71 543 239 632 quantur,
267 539 302 600 et
324 521 407 626 quie
432 520 511 600 loco
536 545 598 598 suo
622 533 842 624 exponentur,
862 535 897 596 et
910 541 1051 624 quornm
1068 541 1137 602 ter·

67 638 157 706 tium
183 627 319 728 egregie
342 627 386 699 ab
410 625 528 699 codem
552 623 718 699 Rochettc
759 623 964 722 explicatum
1000 627 1134 726 plenum

67 733 274 835 suppeditat
298 727 501 826 reliquorum
526 723 770 799 refutationem.
798 721 906 824 Atqui
931 751 995 802 non
1030 726 1138 802 iulans

66 851 124 908 est
150 834 211 932 qui
236 832 354 918 iacet,
383 827 445 900 scd
470 827 570 924 plane
594 822 764 920 turonis,
792 839 845 898 est
869 829 1055 928 Dionysus,
1081 841 1136 898 est

19 959 23 970 ·
64 937 230 1010 Bacchas
254 931 322 1001 iam
346 957 428 1002 secu
453 928 619 1024 privatus,
646 927 712 998 iam
729 933 884 1000 eviratas.
906 929 993 1002 'l'reu
1012 927 1137 1026 reliqui

63 1033 213 1108 Gemelli
244 1043 384 1102 stantes
401 1026 581 1100 Tetradem
618 1027 802 1102 Cabiricum
827 1027 968 1126 implent
992 1026 1136 1102 duorum

60 1137 257 1224 Proetum,
286 1146 321 1202 et
343 1131 489 1204 duorum
515 1129 661 1217 Larum,
689 1141 727 1199 ut
751 1128 817 1200 iam
841 1127 1074 1202 adnotavimus
1098 1153 1137 1202 u·
1269 1137 1274 1156 '

60 1237 139 1309 libi.
168 1237 273 1308 Duae
298 1231 473 1304 Gemellae
497 1227 676 1299 Gobirides
701 1226 745 1300 ad
771 1224 871 1300 Arum
896 1244 1019 1303 stantes
1057 1241 1139 1302 sunt

63 1339 231 1409 Adrastia
261 1331 478 1406 Moerorromo
495 1342 529 1400 ct
547 1326 702 1398 Minerua
724 1321 946 1424 Uranoplrr'lo,
965 1353 1051 1429 quac
1068 1353 1139 1404 mu-

67 1437 103 1510 la
127 1437 213 1510 inde
241 1450 400 1507 eventura
425 1425 665 1528 praesentiunt,
680 1437 718 1497 ut
734 1425 809 1526 ipse
831 1427 962 1502 Urenus
987 1443 1139 1502 exsectus

63 1537 199 1616 loturae
227 1558 402 1610 aerumnas
440 1527 537 1602 Filiis
569 1524 739 1624 ,praedicit
763 1527 797 1600 in
824 1527 953 1628 Mytbis
979 1529 1133 1606 Graecis.

63 1635 144 1711 Non
172 1633 393 1734 Astyanactis
417 1655 506 1719 nex3
534 1627 595 1700 sed
620 1631 979 1733 oropoapcha‘ooya'
1001 1644 1139 1732 poterat

66 1737 104 1810 in
130 1763 219 1812 urna
245 1735 378 1810 funebri
403 1730 589 1805 Gabinistee
615 1727 779 1820 exhiberi3
807 1753 847 1800 ex
870 1730 1034 1806 hoccnim
1053 1755 1140 1808 snu-

67 1864 198 1937 ραγμω
225 1835 304 1910 data
327 1835 452 1921 semina
477 1832 616 1903 Animae
640 1840 675 1900 ct
699 1827 891 1926 Corporis,
919 1845 952 1904 et
974 1831 1140 1907 baernum

66 1938 242 2027 omnium,
260 1937 437 2032 exquibus
463 1931 527 2006 luit
552 1928 685 2026 genitus
710 1941 745 2000 et
771 1929 917 2002 nutritus
941 1931 1139 2005 bicCabiri·

67 2049 128 2107 stu
146 2087 159 2126 ‚
175 2049 225 2108 -et
248 2033 326 2106 hinc
349 2059 411 2132 per
435 2031 682 2106 restitutionem
706 2027 851 2132 Dionysi
872 2029 960 2103 lacta
985 2057 1063 2128 spes
1086 2033 1138 2108 ei-

67 2135 161 2208 dem¹
181 2135 298 2233 ingens
322 2131 574 2229 Pelingcnesiae
590 2153 739 2226 magnae,
759 2155 845 2227 quoe
870 2131 969 2204 tertio
983 2132 1139 2208 Dramnte

66 2234 257 2310 indicatur.
288 2235 333 2309 Et
359 2232 615 2306 sithaoerdotes
639 2227 802 2328 Aegyptii
829 2229 957 2330 singuli
982 2233 1017 2304 in
1044 2233 1140 2306 static

68 2335 279 2420 ceremoniis
302 2325 527 2410 inclamabant
551 2328 642 2430 apud
667 2355 703 2402 se
728 2331 851 2406 serrari
878 2331 1077 2425 Osiridcm,
1104 2346 1139 2408 et
1216 2371 1223 2386 ·

68 2437 149 2509 cius
175 2439 304 2510 Partem
329 2464 348 2510 a
374 2459 411 2508 sc
436 2431 598 2507 custodiri
618 2429 683 2502 hoc
711 2429 1027 2534 Dramateidipsnm
1051 2457 1137 2534 pro⁴

70 2536 204 2612 fessum
229 2555 302 2610 esse
325 2537 460 2610 Italum*
473 2532 663 2610 moriturum
688 2529 863 2607 tenendum
888 2548 951 2607 est.

125 2638 190 2713 lv.
224 2641 315 2712 cisto
340 2639 470 2713 Bocchi
498 2635 642 2708 Cubirt'ci
665 2649 696 2705 ct
720 2633 855 2710 Etrusci
881 2641 1010 2710 euirati.

122 2737 162 2810 In
189 2739 338 2836 Speculo
364 2735 507 2829 funebri,
522 2732 614 2834 qnod
639 2733 908 2844 modoserrutur
930 2735 966 2808 in
990 2731 1138 2824 hoello-

68 2838 130 2934 gio
162 2841 284 2912 Museo
309 2838 515 2926 Borbonico‚
537 2833 619 2908 olim
637 2834 842 2934 descriptum
867 2836 1034 2911 nLunnio
1050 2834 1140 2934 Sap-

66 2946 119 3035 pio
147 2939 210 3012 ΙΙ.Ι
226 2965 308 3040 pag.
336 2941 424 3014 226.
453 2939 541 3010 227.
569 2933 751 3008 indicatum
776 2935 943 3012 aFinatio
968 2939 1012 3012 R.
1035 2935 1132 3013 Mar.

68 3039 174 3113 Bord.
201 3041 267 3115 111.
288 3044 334 3112 l.
363 3064 443 3138 pag.
473 3039 536 3111 65.
565 3049 599 3108 et
624 3035 754 3110 editum
778 3036 822 3110 ab
846 3037 1048 3136 lnghiramio
1073 3037 1137 3112 Sc-

66 3147 113 3212 rr'o
141 3142 193 3213 ΙΙ.
222 3143 308 3215 Tur.
340 3143 400 3212 lb.
427 3164 509 3238 pag.
537 3135 624 3210 263.
654 3135 830 3210 exhibetur
868 3138 979 3238 gravis
1004 3152 1039 3212 ot
1063 3163 1136 3212 mo-

67 3239 168 3314 desta
186 3242 357 3332 Matrona5
373 3256 476 3330 recta,
494 3236 656 3327 tunicato,
676 3235 833 3334 palliata,
861 3239 1066 3330 diademata,
1087 3241 1136 3314 si-

66 3342 177 3414 nistro
198 3339 344 3416 'bruchio
369 3339 518 3412 restibus
545 3337 740 3428 obvoluto,
767 3337 883 3414 dextre
908 3365 987 3412 vero
1013 3353 1130 3410 tenens
1259 3407 1261 3412 ,
1304 3431 1307 3438 Δ

68 3441 217 3540 Mysum,
244 3440 455 3531 arridetur,
483 3463 618 3527 ramum,
646 3463 715 3536 quo
741 3439 876 3538 attingit
901 3465 1029 3513 manum
1056 3439 1135 3510 Mu-

67 3541 161 3616 lieris
187 3539 350 3633 sedentis,
371 3555 406 3613 et
422 3565 507 3640 quae
531 3539 671 3614 mediam
697 3541 851 3636 corporis
875 3555 1004 3640 partem
1020 3539 1131 3638 pallio

68 3644 216 3737 obtecta,
244 3657 385 3742 utraque
410 3666 507 3714 manu
532 3641 658 3740 elavem
683 3639 755 3710 sivo
785 3640 939 3724 baculum
964 3643 1131 3718 nodosum

66 3756 169 3836 tenet,
189 3769 296 3842 eaque
312 3755 414 3840 caput
431 3755 466 3812 et
483 3765 607 3838 corpus
624 3733 843 3812 meditatione
859 3741 1025 3840 profunda
1044 3769 1129 3842 qua-

69 3846 96 3916 si
121 3859 287 3944 occupata
312 3843 477 3914 innititur.
506 3839 597 3912 Inter
622 3853 795 3937 utramque
820 3857 928 3918 autem
947 3845 1127 3916 Mulierem

70 3945 194 4040 pendet
217 3968 381 4044 suspensa
404 3939 550 4032 Areata-
572 3939 627 4012 rel
644 3937 739 4011 Cisra
763 3940 913 4038 plcxilis:
930 3945 1023 4016 Pone
1047 3964 1130 4014 vero

73 4045 247 4121 Mulierem
272 4059 413 4118 stentem
437 4055 473 4115 et
497 4054 618 4113 rectem
643 4053 697 4113 est
721 4039 847 4114 Genius
876 4043 998 4132 alatus,
1027 4035 1127 4137 quasi

73 4145 136 4216 sub
160 4170 199 4218 ca
221 4147 369 4237 abditus,
395 4143 531 4240 longam
556 4141 696 4214 hastam⁴
715 4152 859 4212 tenens:
900 4163 1000 4234 supra
1025 4151 1130 4234 caput

70 4243 172 4322 Genii
196 4247 291 4346 alati,
310 4261 346 4324 et
362 4242 662 4320 Mulieriemcdiae
679 4238 804 4332 dantis.
822 4236 1037 4338 adscriptum:
1064 4264 1125 4316 na-
