2966 5022
349 499 375 548 a
397 473 538 564 Gario,
566 469 755 570 Caylusio,
788 465 962 558 Micalio,
989 465 1133 564 aliisque
1158 463 1317 541 Literatis
1342 465 1412 542 Vi-

350 573 431 668 ria,
457 572 578 672 quihus
601 571 776 643 exhibetur
801 569 935 658 Miles,
962 592 1020 638 sen
1050 566 1114 642 Vir
1155 579 1337 658 armatus,
1370 582 1410 640 et

349 675 468 748 dextra
482 673 617 768 saepius
633 671 776 762 elevata,
791 695 832 742 eo
857 669 925 742 lere
949 665 1079 760 habitu,
1106 691 1176 766 quo
1201 691 1263 739 nos
1288 667 1411 740 adver-

349 773 474 848 sarium
498 785 533 844 et
556 770 684 844 hostem
709 770 881 867 depellere
906 767 960 839 vel
986 781 1163 865 percutere
1184 767 1406 840 adtentamus.

349 871 554 968 interpretes
578 871 702 968 passim
725 870 849 943 habent
873 867 995 966 Sigilla
1020 868 1103 940 haec
1126 868 1357 965 quasi-leones
1374 883 1411 940 et

350 971 536 1044 simulacra
560 971 709 1043 Heroum
734 971 967 1060 Etruscorum
994 967 1085 1042 haud
1108 966 1411 1040 animadvertentes

345 1071 509 1147 Etruscos
535 1071 811 1143 obscaenitatem
849 1068 1038 1168 Regiminis
1076 1068 1129 1140 sni
1167 1067 1411 1143 Aristocratici

345 1169 453 1245 inissa
477 1169 711 1244 Anhistoricos
736 1185 770 1242 et
793 1169 938 1242 Politice
962 1193 1163 1266 anonymos,
1191 1183 1229 1241 ut
1253 1193 1315 1241 nos
1342 1170 1411 1240 iarn

348 1268 636 1346 animadvertimus
660 1271 696 1342 in
725 1269 875 1342 Tcatcm.
904 1267 1057 1342 Hermen.
1085 1270 1160 1342 Etr.
1189 1295 1227 1372 p.
1251 1270 1310 1342 19.
1339 1272 1410 1340 20.

348 1384 420 1444 tum
436 1371 568 1444 nomina
580 1369 779 1468 adposuisse
804 1369 1066 1468 pertinacissime
1084 1369 1231 1442 Heroum
1257 1367 1409 1442 Graeco-

281 1565 285 1576 ·
347 1467 1412 1668 arcessentes·elusausuc}:cml

349 1671 423 1761 sit,
451 1671 532 1769 quin
556 1671 638 1744 haec
662 1669 784 1767 Sigilla
821 1667 867 1742 ad
903 1693 999 1742 suum
1033 1667 1181 1744 Mortem
1225 1671 1411 1743 Callaicum
1471 1747 1473 1778 1

348 1783 515 1870 spectent,
543 1797 640 1871 quem
664 1769 751 1844 adeo
777 1768 840 1842 sub
863 1754 1058 1868 Depulamis
1082 1785 1117 1844 et
1133 1771 1311 1845 Alexioooi
1333 1795 1412 1871 spe-

346 1867 403 1946 ‘cia
428 1873 560 1968 saepius
586 1869 751 1946 effinxisse
775 1867 954 1942 tenendum
979 1886 1045 1942 est.
1126 1949 1129 1958 ,

384 1969 449 2046 1ΙΙ.
477 1971 672 2047 Heremias
699 1969 913 2044 Etruscorum
938 1972 1105 2070 depulsor.
1357 2041 1361 2050 .

401 2073 544 2170 Magnus
570 2073 668 2146 etiam
692 2095 844 2144 numerus
879 2069 1077 2166 Sigillorum
1113 2069 1331 2148 Etruscorum
1369 2070 1414 2146 ad

261 2221 266 2232 ·
350 2197 415 2246 nos
439 2173 607 2272 pervenit,
636 2171 757 2268 quibus
783 2173 881 2244 ctiam
904 2171 1062 2246 Hercules
1088 2171 1261 2246 exhibetur
1289 2175 1411 2270 depul-
1470 2253 1471 2256 Ἴ

350 2278 434 2345 coria
459 2287 493 2344 et
516 2271 675 2344 alexicaci
694 2271 825 2363 habitu,
841 2272 917 2368 ipsa
934 2271 1050 2362 Clava,
1067 2271 1168 2345 immo
1186 2273 1269 2372 ipsis
1286 2271 1320 2344 in
1337 2271 1410 2343 Po-
1468 2339 1472 2363 ff

354 2383 494 2444 aestates
519 2367 726 2444 adversarias
750 2372 920 2445 intentatis
944 2373 1083 2472 pugnis.

363 2493 365 2500 ’
407 2468 474 2540 ΙΙΙ.
503 2469 660 2543 Minerua
690 2472 864 2544 Tutelaaia

358 2593 362 2603 ·
405 2569 492 2642 Nam
516 2571 671 2644 Minerua
696 2569 837 2642 Etrusca
862 2571 963 2646 etiam
977 2597 1090 2648 nomes
1123 2571 1259 2648 assidua
1276 2572 1417 2649 Herculi

353 2685 392 2744 et
415 2671 547 2764 Perseo,
574 2670 675 2746 etiam
698 2668 891 2767 Aegidilera
915 2681 960 2744 et'
975 2689 1108 2748 armata:
1137 2673 1290 2774 ld'eoqne
1325 2687 1418 2747 tute-

357 2773 440 2846 laris
467 2786 501 2844 et
526 2771 776 2868 philanthropa.

404 2871 470 2944 lv.
498 2873 656 2944 Dioscuri
683 2869 851 2944 Tutclarcs
877 2888 908 2945 et
933 2873 1137 2953 Scroctorcs.

404 2969 569 3060 Quantam
593 2967 747 3044 fiduciam
768 2972 947 3054 [habuerint
973 2976 1107 3050 Etrusci
1132 2975 1167 3048 in
1192 2975 1298 3048 tutela
1328 2977 1415 3050 Dio-

199 3144 202 3152 ,
350 3095 520 3146 scarorum
544 3071 616 3144 sive
640 3071 1085 3169 magnorumssemellorum
1110 3075 1340 3149 Gabinioorum
1357 3103 1417 3148 ar-

353 3184 510 3269 gumento
536 3184 612 3244 sunt
635 3171 689 3246 vel
708 3198 771 3247 una
786 3173 931 3269 Speculo
949 3174 1113 3270 funebria,
1134 3177 1167 3248 in
1184 3203 1324 3274 quornm
1336 3177 1415 3274 'ple-

353 3271 469 3366 risque
493 3271 548 3346 vel
573 3271 644 3345 bini
660 3285 697 3344 et
714 3271 873 3364 Gemelli,
893 3276 948 3348 vel
962 3277 1129 3368 'alteruter
1146 3278 1263 3350 saltem
1282 3277 1419 3349 amanl-

212 3409 215 3416 ·
354 3386 523 3470 puustest.
553 3370 674 3467 sigilla
700 3398 809 3470 porro
829 3377 1064 3452 Dz’cscur'caum
1098 3377 1208 3477 plura
1223 3379 1314 3476 apud
1341 3377 1416 3450 Go-

355 3471 474 3562 rinm,
502 3483 536 3542 at
559 3469 716 3548 Dramata
747 3475 852 3550 ‚etiam
877 3477 977 3574 plura
1002 3477 1168 3551 Urnarum
1193 3477 1415 3571 funebrium,

355 3570 478 3686 quihus
514 3570 673 3649 Dioscuri
706 3574 858 3654 Cabirici
883 3578 1044 3677 expressi.
1073 3576 1155 3652 Vid.
1184 3601 1223 3676 p.
1255 3577 1316 3649 lla.
1349 3580 1415 3652 to.
