2966 5022
287 490 468 568 informato
489 488 660 586 ,tritaque
683 489 822 562 bumana
846 486 1008 584 sanetae,
1048 491 1094 562 ob
1118 500 1179 564 nu'a
1203 493 1346 592 egregia

283 593 404 670 merita
427 613 494 662 nnn
512 589 749 664 -elanderentnr
774 590 808 663 in
830 591 992 682 Tartaro,
1019 615 1086 664 non
1110 592 1344 666 detinerentur
1382 646 1386 652 -
1475 667 1477 686 ,

284 694 420 766 otiosae
446 701 479 760 et
503 687 637 762 desides
662 689 698 764 in
723 689 855 786 Elysiis
882 691 1031 790 Campis,
1052 717 1120 764 non
1140 709 1353 788 angerentur.
1475 687 1477 702 ¹

172 855 177 866 .
281 792 327 866 iu·
349 787 589 889 generationem
615 803 648 862 et
673 789 880 864 nativitatem
905 793 1028 888 iterum·
1049 793 1174 885 relabi,
1194 794 1255 866 aad
1280 819 1348 891 pu-

286 915 344 966 rae
369 903 403 960 et
427 913 448 959 a
472 891 674 984 corporibus
701 905 871 987 separatae
896 892 1020 990 dignae
1037 907 1162 983 essent,
1178 917 1264 988 qnae
1280 895 1351 966 Ιιιι-Ι
1477 913 1478 952 1

288 1015 398 1066 manns
424 1012 477 1060 res
501 1003 655 1062 curarent
680 1005 714 1063 et
738 993 1117 1087 procurarent'oeeulta
1154 994 1349 1090 praesentia
1477 1005 1478 1012 ’

282 1089 457 1173 ueteribus
483 1088 555 1182 suis
581 1089 722 1163 aedibus
749 1093 935 1188 occupatis.
964 1093 1009 1165 Et
1034 1107 1213 1192 propterea
1230 1119 1347 1166 omnes

289 1193 373 1268 illos
401 1214 524 1276 errare,
552 1190 611 1286 qui
637 1193 729 1262 Deos
754 1191 852 1264 etiam
879 1193 1098 1292 sempiternos
1123 1209 1157 1266 et
1168 1193 1347 1267 Caelestes

291 1293 398 1369 Lares
425 1303 460 1361 et
485 1289 596 1360 dietas
621 1304 656 1362 et
680 1290 816 1364 habitos
841 1307 1016 1366 tenuerunt
1033 1293 1087 1366 rel
1105 1308 1229 1368 tenent.
1253 1293 1347 1366 Nam

289 1394 391 1488 longe
417 1389 511 1462 aliud
536 1403 588 1461 est
613 1393 722 1464 Deum
746 1392 892 1489 aliquem
921 1419 994 1468 essa
1012 1395 1147 1486 Larem,
1166 1394 1350 1467 aliudeoli

282 1495 378 1575 „inter
404 1492 522 1566 Lares.
550 1489 636 1564 Nam
660 1490 780 1583 Vesta,
810 1492 1130 1590 Vulcanus,Apollo
1156 1493 1353 1568 colebantur
1479 1563 1480 1586 q

289 1591 425 1696 qnidam
452 1591 539 1664 inter
564 1593 684 1682 Lares,
702 1587 758 1664 'ad
783 1593 908 1667 Forum
933 1594 1164 1684 domesticum,
1195 1595 1256 1666 sed
1280 1619 1350 1668 non

295 1709 388 1770 erant
412 1691 481 1790 ipsi
507 1692 567 1770 Dii
592 1695 710 1783 Lares,
737 1694 815 1789 quia
842 1718 903 1766 nee
926 1694 1065 1792 geniti,
1093 1710 1131 1766 ut
1155 1695 1355 1784 homn‚.nee

172 1879 177 1890 ,
296 1793 367 1872 nati
392 1808 430 1865 ut
454 1791 569 1884 homo,
596 1816 657 1866 nee
682 1793 803 1866 mortui
829 1807 867 1866 ut
890 1793 1023 1866 horno:
1055 1821 1142 1893 qnae
1166 1795 1211 1868 ad
1235 1798 1358 1868 Larem
1480 1806 1481 1884 t

298 1893 567 1970 constituendum
605 1905 683 1966 sunt
719 1895 853 1968 omnino
893 1895 1091 1968 necessaria.
1121 1895 1165 1967 Et
1194 1895 1354 1994 quonium

298 1995 441 2072 Veteres
467 1993 623 2066 tenebant
648 1993 788 2066 humana
814 2019 959 2092 corpora
985 1996 1113 2068 adsumi
1139 2022 1206 2071 non
1232 2009 1361 2066 tantum

298 2097 342 2170 ab
368 2093 547 2169 Animabus
574 2119 650 2166 vere
675 2107 710 2164 et
734 2095 875 2192 proprie
901 2097 1064 2186 humanis,
1087 2097 1146 2170 aed
1165 2096 1262 2170 etiam
1280 2119 1358 2166 esse

302 2197 439 2294 aliquos
464 2219 600 2292 magnos
625 2195 717 2266 Dans
743 2194 975 2286 incarnabiles,
996 2210 1030 2270 at
1047 2198 1105 2294 qui
1131 2210 1266 2294 possent
1291 2194 1358 2264 hu-

303 2324 401 2374 mano
426 2295 564 2394 eorpori
591 2294 698 2384 uniri,
726 2309 761 2368 et
785 2296 856 2368 vita
881 2295 1020 2368 humana
1045 2300 1183 2390 vivere;
1209 2296 1291 2368 Hine
1316 2292 1358 2364 fit

300 2399 370 2472 dno
396 2423 469 2472 essa
493 2395 620 2471 Larum
647 2419 779 2493 genera,
809 2402 991 2472 divinorum
1016 2423 1150 2496 nempe,¹
1176 2411 1274 2494 atque
1291 2397 1356 2466 bu-

303 2527 487 2590 manorum,
515 2523 556 2570 ax
581 2497 703 2594 quibus
727 2499 842 2569 Divini
866 2498 967 2597 longe
980 2498 1111 2570 facilins
1124 2497 1261 2596 agnosci
1274 2518 1361 2590 pos-

305 2615 382 2674 sunt
407 2625 505 2698 quarn
530 2602 677 2690 itamari,
705 2623 771 2670 non
797 2599 899 2670 modo
926 2625 966 2670 ex
991 2599 1136 2672 evidenti
1153 2599 1359 2672 Gemellismo

311 2701 493 2790 Cubtrim,
520 2699 581 2772 sed
605 2699 703 2772 etiam
730 2699 775 2770 ob
800 2699 932 2772 eniteria
961 2713 995 2772 at
1020 2699 1183 2795 Symbola
1220 2693 1361 2794 propria

306 2817 341 2873 et
366 2799 647 2889 characteristica,
676 2812 713 2870 ut
738 2800 877 2889 Baeelra',
904 2799 1068 2890 Herculis,
1089 2799 1260 2871 Mercurii.
1290 2793 1358 2888 Qui

305 2900 412 2976 Lares
438 2899 543 2970 divini
569 2899 762 2972 dicebantur
775 2903 873 2971 etiam
887 2900 1050 2988 Semoner,
1067 2897 1204 2986 Graecis
1218 2900 1353 2983 Σεμνοι;

307 3002 469 3093 Iadiqetee
495 2998 655 3089 Latinis,
696 3013 730 3071 et
767 2997 889 3072 Sabina
914 3026 996 3074 rone
1020 2999 1242 3088 Novensiles,
1277 2993 1359 3092 quia

290 3091 429 3194 ¹nempe
454 3115 562 3172 essent
588 3125 628 3172 ex
653 3084 797 3196 itm-pu
824 3124 972 3173 uuo-usn
998 3125 1039 3172 ex
1064 3107 1170 3192 forma
1195 3111 1228 3170 et
1253 3095 1363 3192 figura

312 3203 505 3296 patiebaris,
534 3199 593 3298 qui
619 3201 757 3276 humana
782 3199 888 3276 forma
914 3201 1019 3300 geniti
1045 3214 1078 3272 et
1102 3195 1365 3298 proareatifuis-

314 3312 400 3372 sent:
427 3300 545 3398 quiqui
571 3299 615 3371 sit
640 3299 809 3374 dissensus
834 3301 991 3376 Veterum
1015 3303 1059 3376 de
1084 3301 1202 3374 horum
1218 3299 1367 3372 Deorum

314 3414 430 3474 natura
456 3400 546 3496 apud
570 3399 754 3476 Arnnbium
780 3401 879 3476 Libr.
908 3403 975 3477 ΙΙΙ.
1004 3429 1084 3501 pag.
1117 3402 1200 3473 153.
1271 3430 1287 3470 '.

363 3499 412 3570 ΙΙ.
445 3499 540 3596 Quae
558 3507 691 3574 eritere'a
708 3505 975 3601 lrr'eroqraplzr‘ea,
996 3521 1026 3575 et
1044 3503 1191 3602 symbola
1208 3519 1340 3574 nanuu-

296 3616 298 3622 '
368 3603 403 3670 1.
433 3603 597 3674 Absolute
621 3605 785 3696 auditas3
813 3603 897 3676 Nam
922 3603 1066 3700 Spiritui
1092 3625 1233 3697 corpore
1258 3617 1375 3668 crasso

315 3712 354 3774 et
378 3699 492 3772 solido
519 3701 658 3792 carenti,
686 3705 820 3776 nuditas
847 3727 1005 3796 congrua:
1020 3725 1105 3796 quae
1122 3701 1208 3770 adeo
1226 3697 1284 3768 ubi
1301 3693 1376 3767 alia

323 3799 476 3899 symbola
500 3817 667 3873 certorum
692 3805 838 3874 Deorum
863 3801 993 3872 adiecta
1016 3823 1085 3872 aon
1110 3798 1178 3868 sint
1201 3809 1316 3894 potest
1337 3817 1381 3865 e·

297 3902 436 4002 'gregia
462 3903 581 3974 Larem
606 3900 765 3973 indicare.

373 4008 412 4076 2.
444 4002 552 4074 Galea
580 3999 716 4076 Oreine:
735 3999 875 4072 Seilieet
890 4000 1102 4075 Galericulus
1118 3997 1224 4070 iaetus
1248 4019 1290 4068 ex
1314 4017 1379 4064 oo-

323 4103 392 4196 rin,
420 4103 473 4176 rel
498 4129 621 4202 panno,
649 4102 847 4200 capillorum
873 4104 1084 4203 eirriepnne
1117 4095 1375 4197 pendentibus:

329 4216 367 4274 ut
408 4228 480 4278 eam
504 4205 665 4302 describit
687 4201 929 4304 Aristophanae
966 4203 1003 4278 in
1029 4202 1232 4282 Aalraraara.
1264 4219 1381 4270 aenan
