2966 5022
1009 313 1284 438 ara

66 469 189 554 preces
216 458 437 550 cognatorum
448 445 618 522 ‘adfinium
636 446 815 530 amicornm
832 447 963 545 audiat,
976 465 1028 527 est
1045 469 1127 528 stra·

66 555 135 627 bus
162 551 287 644 oculis,
313 551 391 650 qnia
415 573 511 622 unam
536 549 758 649 Reipublicae
775 549 918 624 salutem
942 565 978 624 et
1001 555 1129 628 utilita-

65 667 141 728 tem
166 653 289 726 intueri
313 651 424 742 debet,
451 677 519 724 nou
544 651 670 724 amicos
695 664 730 724 et
753 649 894 724 adfines:
915 676 1036 726 arcana
1061 656 1128 728 ari-

67 755 257 853 stocratiae
288 751 508 850 quasipallio
527 751 707 842 obtectus,
734 757 865 824 sinbtra
889 773 1034 845 manus,
1061 771 1128 852 qua

65 855 107 928 in
137 855 243 928 malos
267 868 301 926 et
323 852 442 926 noxios
459 851 559 924 Cives
576 849 836 924 animadvertere
862 850 965 925 debet
995 877 1127 952 magna,

67 955 200 1054 gravis,
214 954 337 1052 iugens:
354 956 505 1026 Dextera
529 951 628 1026 babet
653 963 801 1050 pateram
825 936 903 1036 nbat
928 979 1012 1026 rzuo
1039 979 1130 1028 nem-

62 1081 110 1151 pe
131 1059 268 1156 poeria,
294 1053 572 1152 pacificationem,
598 1055 787 1144 damatam,
806 1052 1013 1146 felicitatem,
1040 1079 1128 1153 quae

63 1181 202 1254 semper
215 1179 333 1253 ,aequa
358 1167 393 1226 et
418 1153 509 1225 iusta
534 1152 707 1250 Regimino
731 1153 913 1228 obtinetur.

114 1255 162 1330 V.
199 1255 463 1332 Transrnoaus
491 1251 706 1326 Etruscorum
730 1255 978 1352 Dicaeopbilus.

23 1379 24 1382 ’
109 1355 242 1430 Garios
267 1356 302 1428 in
328 1353 422 1428 Mus.
452 1353 527 1427 Etr.
555 1354 586 1425 1.
616 1351 702 1425 Tab.
735 1353 794 1425 18.
823 1353 934 1428 edidit
967 1353 1128 1454 Sigillum

23 1489 24 1494 ¹
59 1457 277 1546 Etruscum,
305 1479 374 1554 qna
400 1454 576 1528 exhibetur
606 1452 659 1527 vir
682 1451 816 1526 Pileala
841 1454 989 1554 Phrygio
1028 1469 1129 1555 caput

58 1573 187 1650 tectus,
203 1569 237 1628 ct
263 1581 362 1654 quem
387 1581 453 1649 oon
478 1555 589 1653 pallia
614 1567 740 1626 tantum
757 1553 820 1628 sed
835 1571 927 1636 veste
944 1555 1013 1630 alil
1038 1558 1128 1630 eirca

57 1658 208 1752 mambra
238 1654 454 1732 adstrictiare
480 1671 605 1732 tectum
629 1654 791 1747 diceres,
832 1660 969 1732 sinistro
1002 1671 1128 1730 tantum

57 1758 224 1832 insistens
249 1759 350 1854 pede,
367 1757 505 1830 dextero
531 1759 578 1829 ita
604 1755 755 1847 clevato,
776 1770 815 1828 ut
838 1781 952 1830 manus
976 1781 1054 1830 suaa
1070 1785 1131 1833 ro-

58 1859 94 1932 la
122 1859 241 1955 possit
265 1871 449 1954 percutere·
466 1883 560 1932 suurn
586 1857 790 1929 calcaneum.
818 1855 943 1930 Genius
972 1857 1020 1928 11.
1048 1883 1127 1958 pag.

60 1961 130 2030 60.
163 1957 226 2026 61.
254 1957 340 2030 dixit
359 1972 399 2030 et
424 1957 505 2030 lecit
528 1957 840 2048 Vitumnum,nulla
857 1957 901 2029 de
917 1981 1008 2028 mare
1024 1961 1128 2030 ratia-

60 2083 124 2132 ne.
156 2053 232 2128 Nos
256 2070 412 2154 putamus
438 2083 511 2128 esse
536 2081 634 2130 unum
660 2051 702 2130 ea
724 2055 827 2154 plane
851 2057 1029 2130 innumeris
1058 2057 1132 2130 illis

63 2179 255 2248 rucanas,
282 2181 369 2254 quac
393 2157 604 2231 inveniebant
629 2170 663 2230 et
695 2155 883 2231 candebant
908 2155 1133 2254 Hierogrugbi

62 2258 222 2350 Etrusci,
248 2258 381 2330 scilicet
407 2257 572 2354 profunda
598 2256 910 2350 Hieraemblemata,
931 2269 970 2328 ut
986 2279 1048 2328 uos
1073 2281 1133 2330 va·

61 2357 222 2433 eubulum
248 2356 497 2456 explicabamus
521 2360 555 2430 iu
586 2357 680 2432 Teuc.
708 2355 820 2430 Hem.
849 2357 925 2430 Etr.
944 2381 1025 2454 pag.
1042 2357 1127 2430 129.

70 2458 165 2530 130.
193 2458 314 2556 quibus
341 2459 506 2554 Dogmata
531 2485 590 2531 sun
615 2456 824 2558 Theologica
848 2471 883 2530 et
908 2456 1053 2530 Politice
1078 2459 1129 2530 in·
1256 2477 1258 2486 ·

66 2559 264 2630 volvebant:
291 2559 446 2656 adeoque
473 2573 619 2632 tenemus
644 2557 794 2632 exbiberi
818 2557 972 2634 Judiaem
996 2570 1032 2628 et
1056 2557 1130 2627 rin'-

65 2657 178 2730 diccm
195 2658 320 2756 legum,
341 2661 485 2731 ultorem
511 2659 691 2732 boicarum
709 2658 871 2732 civilium.
889 2655 1051 2753 Numqui
1069 2681 1129 2728 ro-

65 2758 100 2829 lb
125 2783 241 2831 manus
267 2761 415 2855 percutit
441 2759 630 2832 calcaneum
655 2759 767 2858 pedis3
783 2773 837 2834 est
860 2757 918 2854 qni
936 2775 1019 2866 pre:
1037 2777 1129 2828 aton

64 2874 134 2944 *trs
159 2885 219 2929 Am
247 2877 312 2957 tter·
332 2885 392 2934 roo
420 2879 498 2967 :pp
525 2885 594 2946 aas
616 2847 682 2948 lm
708 2887 785 2934 nan.
815 2858 954 2932 Scilicet
992 2857 1129 2954 estqui

65 2975 128 3057 par
145 2979 213 3034 aaa
240 2967 325 3034 uidet
351 2962 482 3052 sentit,
511 2975 546 3033 ct
568 2980 609 3046 'p
634 2989 672 3036 ru
694 2961 848 3059 patentia
872 2972 1041 3057 potestate
1060 2963 1125 3030 'sua

64 3079 142 3153 aa)
168 3083 259 3134 unua
286 3067 468 3162 comprimit
493 3061 662 3152 cohibet,
690 3081 751 3159 yar
778 3086 837 3136 rao
859 3051 974 3160 plectit
993 3063 1121 3159 pettit,

63 3181 137 3266 :pp
157 3189 224 3248 aas
243 3176 245 3180 ’
253 3171 435 3262 pravitates
461 3165 618 3254 [saltamus
644 3163 761 3253 dolos,
776 3148 849 3248 bas.
863 3185 926 3234 naa
944 3164 1121 3234 bominum.

65 3265 219 3336 Diximus
245 3279 353 3336 autem
382 3263 617 3360 Telesphorum
641 3265 722 3364 quia
746 3278 798 3337 est
814 3259 1060 3364 quadammodo
1079 3258 1128 3332 si·
1254 3298 1259 3306 ·

64 3367 150 3438 milis
181 3365 381 3464 Telesphoro
406 3361 631 3462 Aesculapii,
658 3363 738 3465 quia
764 3365 882 3438 attollit
908 3385 1065 3461 upupae,
1092 3371 1129 3428 et

67 3470 141 3562 quia
164 3466 277 3540 banus
295 3466 410 3542 Judca
434 3477 469 3555 ot
494 3465 618 3542 vindex
642 3467 755 3566 legum
779 3485 909 3566 semper
933 3478 968 3536 ct
984 3463 1055 3534 iure
1072 3469 1127 3530 cst

72 3567 300 3670 Telesphorus.
384 3609 387 3618 f
557 3589 559 3594 '
622 3585 626 3592 ''

311 3745 318 3754 ·
466 3741 600 3846 οη.
654 3741 719 3816 tn.

8 3927 9 3934 ’
154 3916 210 3990 Dii
237 3912 452 4033 Etruscarum
478 3915 680 4015 Depulsares
709 3913 879 3990 Tutclurcs
903 3874 1038 3988 Bellica

8 4107 9 4138 ³
119 4063 149 4134 l·-
174 4071 268 4144 Mars
293 4069 506 4144 Etruscorum
531 4071 698 4166 depulsor.

8 4185 9 4248 1
124 4162 238 4264 lugens
274 4169 471 4268 Sigillorum
512 4169 729 4264 Etruscorum
760 4189 914 4295 numeras
939 4157 1050 4234 editus
1074 4167 1127 4230 cst
