2966 5022
62 523 168 598 tristis
177 525 236 598 'et‘
256 527 411 596 moerens
439 520 582 596 Coelom
623 523 787 621 aspiciens
812 538 928 623 potest
952 542 987 600 et
1011 527 1114 606 debet

62 624 204 723 effingi„
220 621 327 714 Quum
352 636 459 696 autem
483 620 566 696 baeo
591 623 757 712 evidentia
794 628 862 700 sint
886 628 1112 702 eteharaoto-

58 727 190 813 rimisa,
218 739 252 796 et
276 723 395 821 Sigilla
420 722 613 798 huiusmodi
652 725 751 823 plura
790 727 923 826 singula
961 729 1112 801 minutim

57 826 249 899 describere
286 823 504 910 necessarium
541 850 608 898 non
634 822 843 902 arbitramur.
885 827 973 900 Vide
1010 827 1112 901 Gorii

53 925 148 998 Mas.
176 927 252 998 Etr.
281 923 313 994 1.
341 923 427 996 Tab.
443 923 506 995 24.
522 937 588 997 etc.
606 937 672 996 etc.-
688 925 812 1000 Brenni
846 926 1039 1004 Erooloaesr'
1058 928 1108 1002 ll.

53 1025 139 1096 Tab.
162 1025 206 1096 3.
230 1025 292 1096 67.
313 1036 390 1096 etc.
416 1022 542 1120 Caylus
568 1022 712 1098 Rocnoil.
742 1025 786 1101 V.
816 1026 852 1100 3.
881 1023 943 1104 34.
964 1039 1031 1100 etc.

99 1125 144 1198 V.
172 1123 379 1222 lboserpina
405 1123 618 1198 Etruseorum
642 1151 791 1222 sperans.

99 1224 223 1298 Plures
247 1224 359 1302 adbuc
402 1236 478 1296 sunt
515 1223 656 1320 Figurae
682 1225 789 1322 Signa
809 1224 934 1322 sigilla
968 1224 1112 1312 Etrusco

55 1323 179 1399 Graeca
223 1337 257 1396 et
281 1324 457 1414 Romana,
485 1323 606 1420 quibus
630 1323 803 1398 exhibetur
830 1327 984 1418 Mulier,
1023 1351 1112 1424 qnae

55 1425 192 1498 limbum
218 1426 322 1498 restis
348 1449 427 1498 snae
452 1423 597 1496 attrabat
622 1438 655 1498 at
680 1421 834 1508 adtollat:
855 1425 972 1528 quue
990 1425 1112 1506 babitu

55 1525 197 1620 primns,
227 1539 264 1594 ut
288 1537 388 1622 puto,
405 1524 582 1596 vBnnarota
606 1526 656 1596 no’
673 1525 882 1622 Medaplioai
904 1555 941 1629 p.
962 1526 1024 1598 94.
1042 1529 1111 1616 95,

55 1649 138 1696 era-n
164 1625 312 1700 indicari
351 1623 618 1696 demonstrarit:
661 1622 766 1715 Quam
805 1626 1112 1725 interpretationem
1234 1663 1237 1670 r

54 1726 208 1796 certatim
233 1722 457 1822 Arabaeologi
484 1725 643 1821 deinceps
680 1724 877 1819 probarunt.
915 1727 962 1800 Ea
1000 1739 1113 1806 taram
1240 1751 1245 1766 ·

54 1823 313 1922 intemperanter
339 1851 418 1896 usus
444 1840 495 1896 est
524 1824 743 1919 lngbiramius
782 1826 817 1898 in
855 1828 924 1898 suis
957 1823 1110 1898 Monam.

54 1921 193 1996 Etrusci
217 1924 308 1995 Serio
333 1925 397 1994 Ill.
422 1949 499 2020 ¹qua
519 1923 666 1994 collecto
686 1923 813 2019 ingenti
836 1923 1110 2017 numorolrorum

23 2109 28 2113 ι
52 2021 255 2116 Sigillorum
280 2025 387 2094 omnia
414 2047 490 2094 arar
515 2020 677 2094 adtribuit
707 2039 740 2097 et
764 2022 979 2120 adsignavit:
1012 2020 1119 2094 lland'-

9 2213 10 2218 ἵ
52 2122 320 2194 animadvertens
345 2123 521 2194 simulacra
554 2146 629 2194 srer
662 2123 866 2220 allegoricae
897 2125 931 2199 in
957 2143 1020 2197 una
1045 2121 1112 2202 lere

51 2219 303 2319 Hierograpbia
328 2222 662 2314 Romana'inreniri,
682 2249 785 2320 eaque
811 2223 954 2313 retenti,
982 2221 1016 2292 in
1044 2241 1109 2317 qua

9 2333 11 2426 t
55 2343 122 2393 nna
149 2323 312 2413 Virtutes,
349 2337 384 2394 et
417 2323 606 2394 Facultates
631 2323 792 2420 quaedam
825 2321 947 2408 Animi,
985 2335 1023 2392 nt
1048 2320 1106 2394 Fi·
1182 2389 1184 2394 .

53 2424 145 2513 dos,
177 2421 359 2494 Concordia
380 2468 391 2513 ‚-
418 2421 544 2512 Horror,
571 2421 710 2496 babitae'
728 2425 799 2514 Dii,
821 2423 1049 2519 symbolisque
1067 2434 1104 2492 et

9 2527 11 2628 ξ
55 2519 168 2617 ligura
194 2525 259 2594 sna'
276 2522 428 2595 donatae.
457 2521 504 2594 At
528 2522 562 2594 in
588 2522 739 2596 Pentheia
766 2523 1006 2598 vetustioribus
1028 2520 1106 2614 *uy-

9 2631 11 2724 t
56 2621 95 2718 pi
126 2621 329 2718 Tbeologici
368 2635 443 2693 sunt
473 2647 586 2696 omnes
612 2625 755 2722 Mytbiei
781 2639 819 2696 et
840 2623 937 2721 quasi
963 2619 1111 2706 Antino-

9 2719 218 2838 ''popb‘psii
237 2738 279 2794 'et
303 2717 582 2820 Psyohophysii,
616 2739 648 2796 et
686 2725 809 2822 quibus
835 2737 1014 2822 propterte
1042 2741 1109 2793 non
1212 2809 1215 2817 ἢ

9 2809 11 2892 l
52 2837 163 2915 potest
189 2821 394 2920 respondere
418 2823 507 2894 nuda
533 2838 567 2896 et
591 2823 775 2922 allegorian
808 2847 900 2897 eras.
931 2821 980 2896 Ex
1013 2819 1114 2890 Dea-

9 2905 11 2982 l
56 2923 114 2993 bus
141 2935 248 2996 autem
274 2923 439 2995 Cabiricis
464 2949 530 2996 nnn
555 2949 618 2996 una
636 2937 698 3012 εει,
720 2951 806 3022 qnae
823 2926 934 3022 possit
951 2918 1106 3000 exbiberi
1237 3017 1239 3023 Ι
1289 2901 1292 2906 ’

9 3057 11 3106 t
53 3020 207 3117 Spartans.
236 3021 327 3094 Nam.
345 3024 418 3120 ipsa
445 3025 607 3096 Adrastia
632 3025 759 3098 Fatalis
787 3025 816 3099 si
850 3020 1105 3120 hyperoosmioa

59 3121 107 3193 rel
134 3125 321 3196 enoosmioa
346 3123 575 3196 consideratur
591 3122 820 3222 'inexorabilis
846 3139 932 3213 est,
968 3135 1003 3194 et
1041 3145 1108 3202 aon

9 3251 14 3320 ςΡ
60 3243 226 3320 sperans,
254 3225 314 3296 secl
341 3224 489 3298 Fortuna
515 3224 715 3314 terrestris,
744 3222 803 3296 sed
829 3223 950 3300 Nortia
976 3239 1108 3321 epternac

9 3323 10 3368 Τ
57 3319 130 3394 lacit
157 3349 286 3413 omnes,
314 3337 348 3394 et
368 3323 498 3420 singuli
524 3324 558 3394 in
576 3323 757 3398 Fortunam
772 3337 940 3396 venturam
954 3315 1112 3418 'spstsrant,⁴

59 3421 207 3522 adeoque
232 3424 354 3497 Nortia
378 3437 411 3494 et
437 3423 587 3496 Fortuna
610 3439 751 3521 possunt
776 3424 958 3498 rectissime
987 3420 1103 3498 babitu

9 3485 11 3564 l
60 3519 133 3620 Spei
158 3523 321 3615 exbiberi,
341 3522 459 3598 utiam
484 3513 712 3598 adnotavimus
737 3524 818 3621 p'ag.
847 3525 906 3596 88².
930 3523 1016 3594 'Fam
1034 3519 1106 3592 Mt-

9 3631 11 3712 ἐ
60 3649 154 3698 aaron
180 3649 241 3721 per
267 3623 461 3720 sequidem
487 3648 551 3694 non
576 3639 701 3723 sperat,
729 3625 828 3716 hebet
852 3625 943 3712 onim
959 3625 1035 3696 vDea
1055 3619 1102 3696 0-

9 3713 12 3759 ²
59 3717 227 3822 lympnmz.
241 3724 287 3796 Ar
311 3737 435 3820 potest
448 3747 582 3826 sperare
607 3749 670 3820 pro
693 3748 753 3797 sun
771 3723 927 3819 Heronio,
948 3738 993 3798 et
1015 3722 1101 3797 adeo

9 3817 13 3882 l
58 3831 207 3918 sperantis
232 3825 346 3897 habitu
359 3821 523 3920 exprimi,
540 3837 576 3894 ut
588 3849 687 3922 supra
699 3851 735 3921 p.
751 3825 834 3896 t39.
852 3827 1009 3900 uidimus.
1032 3823 1111 3892 Po·-

9 3930 14 3971 l
58 3933 117 3994 test
133 3932 265 4022 sperare
282 3925 456 4000 Voltumnae
474 3929 605 4012 dienen,
633 3939 670 4000 ut
694 3925 925 4024 vidtmnstpA
938 3929 994 3996 48.
1013 3922 1108 3988 Tum·

59 4045 184 4118 sperare
209 4041 352 4124 possunt
376 4041 409 4096 et
434 4025 557 4098 debent
580 4025 800 4100 Boocltuset-
819 4019 973 4101 Hercules
999 4016 1102 4088 Cabi-

60 4123 140 4219 rici,
169 4119 286 4223 utpote
311 4127 481 4222 Elysium
503 4123 667 4198 Praesenti
705 4125 824 4202 intuto,
856 4123 1014 4194 Mundo:
1055 4110 1117 4188 At.

58 4220 245 4329 bosorptna
268 4224 361 4306 exsul
377 4241 413 4300 et
429 4225 548 4320 encta,
576 4225 703 4300 Bacchi
718 4225 861 4322 sponsa,
878 4244 939 4324 nna
958 4229 1099 4296 estsere
1114 4225 1122 4254 ³
